4826 5890
992 591 1274 705 ..73....¹

269 799 479 892 ..videtur
507 795 644 903 haec,
674 815 727 886 ut
741 797 967 888 'voeabula
996 798 1196 911 diversa,
1222 813 1358 926 qu'am
1389 804 1588 896 maxime
1619 807 1820 915 concisa,
1848 811 1975 905 inde.

297 999 390 1088 que
420 965 477 1057 ad
502 995 668 1086 paucas
697 963 965 1089 easdemque
992 995 1126 1089 saepe
1151 969 1301 1056 literas
1326 988 1553 1075 revocata,
1581 973 1758 1089 possint
1777 965 1974 1070 discerni

250 1201 256 1210 ,
297 1131 724 1254 (§.159211.524).‚
771 1135 916 1227 Notas
934 1111 1390 1244 autemTironianas
1411 1134 1530 1252 ipsas
1549 1137 1747 1228 Graecae
1768 1167 1864 1234 esse
1888 1149 1974 1236 ori.

296 1299 418 1422 ginis
437 1295 1059 1419 (§.21.495),'commentum
1080 1321 1146 1392 est
1167 1311 1347 1406 eoruin,
1381 1299 1811 1420 qui.'elementorum
1838 1307 1973 1424 hujns

295 1466 542 1584 scripturae
570 1484 677 1555 sunt
704 1465 989 1588 ignarissimi.
1049 1465 1179 1584 Quid
1208 1463 1410 1586 'denique
1438 1466 1613 1554 intersit
1639 1465 1761 1555 inter
1780 1471 1971 1576 Graeco.

293 1641 398 1723 rum
434 1637 481 1722 et¹
506 1636 823 1723 Romanorum
853 1633 1206 1760 tachygraphiae
1235 1633 1480 1738 rationein,
1507 1632 1628 1721 inira
1647 1632 1721 1752 (ᾗ.
1738 1658 1822 1755 497
1842 1645 1972 1761 seq.)

295 1831 593 1922 exponemus.
995 1797 1001 1807 ’
1073 1793 1077 1802 ¹

289 2035 297 2044 .
381 1968 444 2086 d.
473 1993 543 2090 92.
598 1970 672 2058 Ex
699 1967 838 2058 literis
861 1963 1233 2070 cohaerentibus,
1262 1965 1526 2083 praesertim
1557 1965 1597 2056 si
1624 1967 1846 2094 fugaciter
1867 2003 1966 2069 exa-

289 2153 409 2222 ratae
439 2151 568 2236 sunt,
613 2131 901 2250 alphabetum
926 2133 1008 2220 vix
1035 2131 1154 2232 erui,
1174 2159 1242 2216 ex
1276 2156 1334 2214 eo
1363 2125 1804 2254 iacileintelligitur,
1838 2143 1967 2263 quod

289 2296 476 2415 quaevis
507 2295 664 2396 litera,
705 2313 797 2380 tam
829 2314 1018 2412 propter
1048 2290 1420 2402 conjunctionem
1457 2319 1562 2378 cum
1594 2297 1777 2406 vicina,
1826 2337 1964 2425 quam

287 2475 476 2578 propter
498 2456 834 2544 festinationem
859 2455 1118 2557 scribentis,
1147 2454 1403 2542 innumeris
1431 2459 1762 2555 mutationibus
1790 2490 1856 2560 est
1883 2477 1961 2565 ob.

286 2621 440 2712 noxia.
494 2617 687 2739 'Quanto
716 2620 855 2740 igitur
884 2616 1112 2708 difficilius
1133 2646 1191 2706 ex
1219 2603 1342 2707 until
1372 2617 1639 2714 Tironianis
1669 2625 1960 2748 alphabetum

234 2877 239 2880 .
288 2803 580 2906 excarnetur,
622 2811 765 2904 quum
793 2786 976 2891 literae,
1014 2785 1179 2904 quibus
1212 2803 1449 2892 constant,
1488 2791 1624 2880 etiam
1652 2811 1886 2894 truncatae·
1914 2825 1960 2900 et

286 2953 533 3050 admodum
556 2953 785 3042 mutilatae
801 2951 914 3042 sint!
944 2950 1152 3044 Attamen
1179 2953 1434 3107 periculum
1461 2956 1678 3051 faciemus
1706 2946 1957 3082 extricandi

284 3111 550 3242 praecipuas
575 3147 728 3205 earum
745 3107 930 3236 figuras,
961 3139 1151 3235 quarum
1178 3113 1231 3202 in
1256 3117 1466 3205 notitiam
1487 3129 1539 3206 ut
1559 3150 1644 3209 nos
1669 3117 1955 3262 insinuemus

284 3303 388 3374 ante
406 3283 563 3374 omnia
579 3307 763 3370 necesse
786 3291 862 3368 est.
919 3245 1223 3402 Nequaquam
1243 3289 1319 3367 aut
1320 3307 1392 3368 em
1412 3277 1466 3368 in
1485 3275 1575 3372 hoc
1597 3289 1954 3414 acquiescemus;

283 3448 389 3544 se'd
363 3465 615 3574 praeterea
638 3439 1047 3547 considerabimus,
1076 3443 1312 3602 quomodo
1340 3447 1495 3540 literae
1519 3449 1719 3596 ligentur.
1743 3475 1788 3546 et
1816 3487 1954 3582 copu-

264 3622 453 3758 lentur,
482 3633 685 3738 quotque
707 3609 857 3706 modia
880 3611 1146 3704 mutilentur
1167 3627 1232 3702 et
1251 3607 1554 3706 decurteuturss
1607 3617 1857 3742 Utriusque
1884 3632 1953 3719 rei

280 3788 394 3874 ratio
421 3815 448 3872 a
476 3781 613 3875 nobis
641 3779 794 3873 habita
823 3779 964 3872 estin
986 3773 1252 3922 alphabeti,
1280 3775 1408 3897 quod
1438 3779 1780 3903 subjungimus,
1811 3791 1951 3976 expli-

282 3952 530 4047 catione..
1202 4007 1204 4014 ·

244 4117 257 4126 “
391 4115 437 4236 §-
466 4111 537 4234 93
592 4111 935 4234 Alphabetum
919 4111 1058 4237 tgitur
1078 4111 1386 4206 Tironianum
1403 4111 1496 4206 hoe
1515 4131 1604 4208 est-z
