4722 5868
1119 617 1178 636 ...
1231 572 1289 663 65
1341 616 1399 636 ..-

419 785 567 874 near
596 826 654 856 a
686 783 875 874 Ructat
906 783 1061 902 (154),
1100 785 1274 908 quippe
1316 815 1374 875 ex
1406 784 1545 886 literis
1576 783 1777 877 ERCvit
1815 788 2090 906 composita,

418 981 518 1038 non
545 983 602 1041 ex
635 955 877 1073 Epoctvit,
907 969 988 1040 cet.
1044 947 1109 1037 Ut
1126 951 1277 1070 itaque
1298 951 1426 1040 illum
1452 952 1505 1038 in
1536 970 1746 1049 notarum
1765 951 1954 1042 scientia
1986 987 2086 1046 non

424 1117 515 1207 nisi
548 1134 873 1207 commoratum
898 1143 1013 1220 esse,
1029 1145 1329 1238 nequaquam
1358 1117 1601 1226 habitasse,
1633 1137 1753 1207 recte
1786 1117 2008 1230 dicamus,
2040 1120 2092 1210 id

420 1282 547 1403 quod
576 1302 619 1372 et
651 1283 749 1402 ipse
781 1281 985 1398 ingenue
1008 1279 1143 1380 ¹lateri
1172 1282 1364 1384 videtur.
1415 1285 1490 1382 ,Sit
1514 1314 1626 1412 ergo
1651 1284 1699 1380 ei
1727 1305 1846 1385 terra
1865 1269 2000 1377 levis!
2032 1335 2091 1356 ·-

418 1449 545 1540 Idem
573 1446 629 1537 de
661 1443 1042 1546 Schoenemanno
1066 1441 1174 1588 (art.
1197 1445 1312 1568 dipl.
1330 1433 1436 1580 ‚syst
1459 1451 1677 1582 1.§.164.
1710 1481 1755 1570 p.
1769 1447 1854 1571 594
1877 1497 1936 1516 ·-
1958 1451 2088 1569 605),
2121 1575 2124 1582 Ι
2232 1427 2239 1432 ’

423 1613 626 1704 acerrimi
655 1615 763 1712 licet
786 1612 970 1744 ingenii
1001 1613 1126 1732 uiro,
1152 1611 1327 1716 dicrum
1346 1648 1447 1708 esse
1466 1617 1693 1715 uolumus,
2351 1615 2356 1624 ’

409 1864 426 1872 -
530 1781 571 1899 b.
600 1779 670 1871 81.
728 1779 805 1867 Ne
826 1779 929 1908 quis
946 1796 1101 1877 autem
1122 1781 1365 1888 existimet,
1396 1813 1511 1902 opus
1530 1811 1616 1871 nos
1633 1781 1807 1892 moliri,
1837 1780 1965 1902 quod
1984 1783 2091 1872 alibi

416 1952 534 2038 forte
565 1948 653 2062 jam
681 1945 933 2067 perfectum
955 1962 1127 2074 exstet,
1158 1942 1350 2038 duarum
1371 1950 1512 2050 ,etiam
1534 1948 2000 2054 commentationum,
2036 1949 2088 2036 in

419 2117 595 2242 scriniis
642 2111 796 2212 ,adhuc
840 2105 1122 2231 latentium,
1175 2113 1459 2204 mentionem
1503 2113 1734 2208 faciamus.
1820 2111 1883 2200 in
1928 2111 2089 2200 biblio-

417 2281 549 2370 theca
583 2282 790 2371 Vaticani
821 2279 1139 2383 >ottoboniano
1180 2299 1377 2369 servatur
1418 2281 1533 2372 liber
1557 2310 1705 2380 manu
1729 2280 1958 2400 scriptus,
2008 2281 2090 2401 qui

417 2481 462 2537 n.
485 2476 592 2571 2971
627 2468 830 2554 notatur,
859 2467 1002 2582 ¹,atque
1025 2448 1316 2552 inscribitur:
1351 2451 1457 2564 „Jo.
1480 2451 1610 2567 Bapt
1639 2449 1945 2536 Guazzeronii
1972 2467 2089 2536 vete-

416 2648 553 2724 „rum
584 2619 901 2704 Romanorum
930 2630 1141 2700 notarum
1171 2612 1519 2731 interpretatio,
1569 2631 1780 2700 notarum
1822 2613 1922 2724 ioca
1962 2615 2089 2733 quasi

417 2783 584 2897 „6400‚
605 2780 928 2898 explicationes
952 2810 1061 2868 vero
1080 2811 1215 2899 supra
1242 2806 1377 2893 10720
1391 2777 1739 2896 eompl·eetens.'’
1784 2776 1928 2890 Cujus
1947 2793 2089 2898 quum

416 2947 630 3038 Arevalus
645 2947 700 3044 in
714 2946 946 3047 luculenta
967 2978 1157 3067 operum
1175 2945 1338 3045 Isidori
1359 2945 1591 3058 editione,
1619 2943 1704 3040 ubi
1728 2942 1789 3036 de
1810 2946 1943 3035 variis
1966 2965 2090 3034 nota-

417 3148 519 3205 rum
554 3115 815 3236 generibus,
862 3133 913 3202 ut
946 3135 994 3211 vet
1019 3087 1088 3207 ,dei
1116 3116 1417 3218 'Tironianis,
1452 3111 1571 3235 agit,
1611 3111 1893 3216 meminerit,
1936 3129 2088 3198 caveat

415 3285 576 3389 lector,
606 3313 691 3388 ne,
727 3280 889 3370 harum
915 3283 1266 3401 explicationem
1301 3279 1379 3366 illo
1409 3279 1656 3383 contineri,
1696 3279 1786 3367 sibi
1804 3274 2089 3396 'persuadeat

142 3461 147 3472 '
260 3524 261 3527 κ
416 3450 600 3539 Etenim
628 3449 758 3570 siglas
778 3468 953 3538 tantum
977 3453 1293 3550 Romanorum
1325 3480 1383 3537 ex
1412 3443 1787 3562 inscriptionibus
1814 3437 2019 3558 lapidum
2047 3460 2091 3528 et

415 3617 739 3706 numismatum
759 3615 1125 3710 Guazzeronium
1148 3615 1490 3733 interpretatum
1521 3637 1637 3712 esse,
1666 3605 1805 3694 literis
1831 3605 1981 3691 Roma
2007 3632 2088 3690 nu-

420 3816 503 3903 per
532 3784 669 3873 allatis
697 3784 907 3873 certiores
933 3783 1040 3872 iacti
1068 3811 1232 3871 sumus.
1304 3893 1307 3902 Ι

526 3953 566 4068 5.
594 3949 663 4042 82.
723 3948 949 4056 Alterum,
988 3946 1111 4070 quod
1127 3946 1220 4038 h'uc
1243 3961 1435 4064 spectat,
1473 3936 1700 4028 ineditum
1723 3965 1838 4055 opus
1866 3936 1967 4024 orbi
1993 3936 2085 4025 lite-

419 4133 514 4202 rato
539 4115 626 4225 jam
659 4116 839 4235 pridem
868 4133 1030 4204 notum
1066 4135 1171 4204 est·
1217 4111 1355 4200 Anno
1387 4110 1511 4234 enim
1542 4103 1934 4196 MDCCLXVIlI
1960 4103 2083 4194 Lud.

420 4279 661 4370 Christian.
684 4280 1090 4405 Lichtenbergius,
1122 4277 1383 4381 Gotlranus,
1413 4279 1464 4362 in
1492 4274 1710 4363 manibus
1735 4272 1823 4362 sibi
1854 4301 1948 4361 esse
1979 4271 2086 4360 lexi-

421 4479 510 4536 con
533 4447 861 4553 Tironianum,
889 4444 1030 4567 idque
1057 4447 1195 4535 unius
1225 4441 1392 4532 mensis
1421 4441 1565 4557 spatio
1596 4469 1643 4529 se
1672 4439 1985 4550 absoluturum
2009 4437 2082 4550 (in

420 4614 584 4702 Gatter.
625 4613 735 4704 bibl.
763 4611 863 4703 hist.
897 4616 1023 4706 univ.
1060 4613 1183 4705 XIII,
1214 4617 1294 4726 4),
1331 4603 1514 4700 eruditis
1549 4606 1816 4697 hominibus
1845 4605 2083 4696 nuntiavit
