4722 5868
1206 523 1494 620 [53.-

502 779 779 888 sequnntur,
810 749 1006 852 multum
1032 740 1205 836 recedit
1236 760 1336 834 tum
1363 739 1416 826 in
1441 731 1745 825 charactemm
1774 725 1954 852 figuris,
1991 751 2177 846 quarum

517 953 565 1026 et
591 929 812 1050 imagines
835 921 964 1043 ligno
993 913 1160 1004 incisae
1183 906 1414 1031 prioribus
1440 901 1708 1022 pinguiores
1740 912 1981 1015 apparent,
2007 911 2108 980 tum
2131 891 2178 980 in

509 1099 696 1200 ,ratione
723 1107 853 1222 notes
879 1072 1204 1200 componendi
1258 1073 1325 1160 Ita
1350 1064 1615 1156 recentioris
1644 1062 1903 1181 scriptionis
1925 1055 2181 1176 exemplum

518 1285 718 1412 reperies
745 1281 796 1368 in
821 1290 930 1364 nota
955 1230 1126 1416 hx·-
1152 1261 1479 1384 Antiquom
1501 1251 1656 1376 (195),
1681 1281 1797 1372 quae
1816 1246 1895 1340 hic
1922 1277 1982 1338 ex
2006 1245 2050 1334 A
2075 1241 2181 1366 etQ

518 1523 587 1598 est
603 1449 818 1618 ‚conflata
899 1488 1022 1577 Vere
1056 1498 1207 1568 autem
1233 1469 1489 1560 Tironiana
1531 1440 1607 1604 Q
1650 1467 1731 1586 (9)
1762 1493 1820 1554 ex
1868 1421 1919 1586 <
1958 1505 2017 1534 ...
2040 1489 2109 1548 an
2142 1475 2182 1548 et

505 1711 600 1852 Ἶ
622 1751 683 1786 a·
709 1650 754 1796 ti
784 1698 1098 1818 componitur,
1129 1715 1281 1809 neque
1312 1681 1558 1802 antiquitus
1587 1707 1791 1799 unquam
1819 1679 1944 1768 aliter
1971 1679 2184 1770 scribeba-

511 1929 609 2012 tur.
678 1897 828 1990 sicet
856 1905 1013 1978 auctor
1042 1879 1267 1971 recentior
1287 1870 1479 1962 nomina
1506 1865 1714 1992 Regtan,
1744 1864 2020 1990 Regnorum
2052 1861 2184 1986 (195)

513 2093 698 2191 notavit
714 2116 815 2197 «cxx
859 2073 987 2224 (ξε
1016 2069 1097 2191 qui
1123 2061 1481 2158 siTironiannm
1506 2057 1800 2175 scriptionem
1824 2055 2067 2162 calluisset,
2095 2055 2186 2147 lite·

513 2316 618 2380 ram
644 2283 691 2370 X
721 2278 774 2365 in
810 2269 938 2361 hisce
966 2259 1091 2348 notis
1116 2253 1348 2372 insignem
1379 2251 1534 2369 eisque
1566 2245 1800 2367 propriam
1837 2245 1903 2362 (p.
1925 2243 2032 2354 306)
2070 2259 2186 2329 certe

418 2591 422 2594 ι
518 2506 618 2570 non
652 2463 900 2560 omisisset,
938 2447 1020 2542 secl
1067 2443 1161 2552 ἔω
1200 2441 1362 2556 (carp.
1395 2437 1460 2528 18.
1494 2437 1612 2556 Lep.
1644 2460 1712 2524 20.
1740 2429 1768 2524 l.
1788 2435 1877 2546 21)
1914 2449 2014 2586 (Ῡ
2050 2427 2185 2545 (46⁴⁵)

511 2655 785 2804 scripsisset

634 2892 675 3012 ᾗ.
706 2883 774 3000 43.
829 2879 1010 2966 Praeter
1043 2891 1167 2954 nova
1195 2859 1249 2950 in
1273 2856 1366 2946 fine
1396 2851 1672 2945 collectionis
1695 2790 1996 2942 Gruterianae·
2018 2847 2189 2958 addita,

517 3069 579 3160 fin
606 3045 920 3154 mediocrium
947 3031 1216 3130 collectione
1247 3021 1516 3112 recentiores
1543 3015 1716 3135 positae
1740 3034 1845 3103 sunt
1869 3033 2028 3106 notae:
2064 3009 2192 3132 qnod

518 3259 612 3340 tum
632 3259 692 3318 ex
709 3205 1049 3334 comparatione
1068 3196 1353 3288 diversorum
1366 3184 1586 3273 librorum
1600 3179 2033 3298 manuscriptorum,
2054 3206 2192 3300 quam

517 3433 585 3502 gx
601 3383 955 3502 vocabulorum,
983 3365 1106 3463 notis
1125 3381 1460 3476 expressorum,
1479 3347 1807 3472 significatione
1826 3344 1925 3464 ipse
1947 3343 2067 3432 bene
2086 3372 2195 3433 con·

520 3513 688 3685 jicitur.
733 3551 809 3640 Ex
829 3535 1009 3637 duobus
1028 3528 1153 3617 enim
1169 3521 1315 3624 libris,
1336 3517 1499 3638 quibus
1520 3515 1736 3604 Gruterus
1761 3537 1868 3600 usus
1890 3526 1974 3613 est,
2004 3507 2195 3602 altemm

515 3751 657 3842 ,notas
682 3713 943 3810 continere,
973 3692 1156 3819 quaein
1173 3687 1308 3776 altero
1328 3711 1430 3772 non
1446 3695 1755 3796 compareant,
1781 3669 1980 3792 ideoque
2001 3672 2054 3760 in
2073 3675 2198 3792 prio.

523 3899 649 3992 ribus
670 3875 857 3976 Gruteri
876 3859 1158 3962 editionibus
1176 3855 1294 3942 inter
1313 3847 1474 3938 omissa
1487 3839 1601 3963 (198)
1625 3841 1759 3930 relata
1785 3837 1893 3942 sint,
1922 3855 2025 3926 ante
2049 3837 2105 3958 (ᾗ.
2117 3838 2195 3954 58)
2222 3851 2224 3856 ·

520 4060 617 4176 jam
644 4045 855 4136 diximus.
914 4017 1059 4154 'Quae
1086 4048 1230 4143 quum
1257 4015 1311 4102 in
1339 4009 1476 4098 altero
1506 4007 1622 4096 libro
1656 4033 1754 4092 non
1787 4003 2093 4122 reperiantur,
2134 4001 2198 4098 ad

406 4257 410 4270 ·
515 4225 719 4336 ‚alterum
748 4223 917 4307 autem,
953 4195 1035 4318 qui
1066 4203 1226 4312 postea
1253 4180 1441 4298 scriptus
1469 4202 1562 4266 esse
1590 4167 1790 4272 videtur,
1820 4169 2104 4275 accesserint,
2136 4199 2201 4262 ex

521 4392 619 4500 :hoc
643 4384 781 4504 ipso,
809 4364 1083 4458 recentiores
1110 4381 1184 4444 eas
1214 4374 1343 4452 esse,¹
1367 4339 1495 4432 omni
1521 4336 1695 4425 ratione
1718 4328 2044 4424 concludimus.
2109 4336 2203 4424 Ea.

518 4493 639 4698 Μ
660 4555 871 4688 gonditio
903 4572 967 4663 est
989 4567 1125 4656 notae
1163 4484 1256 4701 ᾖ
1283 4577 1341 4610 ==
1373 4521 1721 4636 Camellartus,
1749 4551 1865 4646 quae
1888 4517 2004 4614 libro
2029 4521 2205 4622 Cascel-
