4744 5960
1129 554 1527 664 -482-.

654 772 769 892 Quis
798 795 983 890 quaeso,
1013 765 1113 884 quis
1140 795 1213 852 me
1242 768 1485 882 prodidit?

653 931 767 1046 Quis
796 935 876 1021 ista
903 932 990 1043 jam
1019 928 1133 1018 dixit
1162 930 1267 1033 tibi,

653 1093 782 1214 Quae
810 1097 1060 1220 cogitabam
1089 1093 1277 1186 dicere‘?

650 1255 780 1376 Quae
809 1264 925 1351 lurra
954 1260 1089 1350 corde
1117 1262 1169 1347 in
1194 1259 1357 1351 intimo

649 1421 842 1514 Exercet
870 1427 958 1516 ales
987 1425 1206 1515 dextera‘l

648 1584 765 1706 Quis
795 1549 908 1679 ordo
939 1620 1088 1678 rerum
1116 1608 1206 1676 tam
1234 1619 1404 1698 notus,
1470 1565 1472 1570 Ι

647 1753 813 1842 Veniat
839 1757 891 1843 in
919 1787 1045 1846 aures
1074 1775 1124 1844 ut
1149 1775 1245 1844 tuas

651 1913 792 2033 Quod
819 1920 974 2042 lingua
999 1916 1208 2006 nondum
1236 1918 1489 2012 absolverit

450 2087 757 2200 Hieronymus
792 2084 876 2200 (ad
912 2083 1110 2194 Julian.):
1165 2084 1275 2189 „llle
1311 2091 1521 2206 apposito
1555 2103 1736 2191 notario
1777 2117 1972 2234 cogebat
2004 2131 2143 2246 sequi,

449 2285 564 2377 quae
584 2246 812 2342 velociter
834 2250 979 2342 edicta
1003 2245 1143 2340 velox
1168 2274 1521 2370 consequeretur
1544 2291 1706 2356 manus
1734 2271 1896 2396 (Hugo
1925 2279 1984 2371 de
2010 2291 2141 2406 prim.

447 2421 575 2514 scrib.
595 2420 707 2543 orig.
731 2420 782 2510 C.
805 2419 867 2514 18.
886 2451 931 2540 p.
958 2417 1075 2528 186).
1137 2415 1289 2534 Atque
1322 2416 1457 2506 etiam
1481 2415 1730 2520 Suetonius
1766 2435 1847 2546 (C.
1879 2441 1934 2552 3)
1969 2449 2143 2552 „Com.

447 2585 569 2705 peri’
593 2583 654 2670 ait
682 2584 870 2688 „Titum
891 2583 1217 2703 Vespasianum
1249 2580 1370 2669 notis
1397 2586 1608 2702 excipere
1637 2589 1935 2694 velocissime
1958 2611 2140 2706 solitum

447 2749 627 2840 fuisse.'’

560 2909 746 3031 Pag.(6.
770 2909 849 3032 19.)
875 2935 943 2999 21.
967 2911 1034 3000 25.
1100 2908 1355 3008 Orationes
1380 2926 1512 3012 notis
1547 2943 1774 3052 exceptas
1807 2943 1938 3066 esse]
2019 2957 2141 3048 Facit

340 3059 343 3068 i
445 3083 538 3178 huc
565 3079 776 3173 Suetonii
801 3079 907 3194 (Jul.
930 3075 1009 3190 55)
1033 3079 1182 3186 locus,
1211 3079 1293 3168 ubi
1319 3083 1519 3180 Caesaris
1543 3124 1630 3209 pro
1652 3101 1845 3192 Metello
1873 3113 2140 3226 orationem,

444 3256 527 3360 ait,
556 3281 655 3340 non
674 3249 899 3340 immerito
931 3245 985 3332 ab
1008 3233 1214 3366 Angusto
1244 3247 1538 3344 existimatam
1564 3289 1658 3348 esse
1686 3269 1829 3388 magis
1852 3271 1909 3360 ab
1933 3283 2137 3374 actuariis

444 3426 720 3540 exceptam,
745 3407 871 3502 male
902 3404 1292 3534 subsequentibus
1327 3405 1480 3502 verba
1505 3417 1736 3534 dicentis,
1781 3465 1920 3552 quam
1953 3443 2137 3562 abipso

445 3581 626 3674 editam.
684 3576 919 3668 Ciceronis
941 3605 1126 3696 quoque
1151 3579 1402 3668 orationem
1426 3583 1506 3688 ita,
1540 3589 1609 3676 uti
1635 3621 1734 3683 eam
1759 3627 1846 3717 pro
1869 3607 2053 3701 Milone
2075 3611 2140 3703 di.

437 3752 531 3858 xit,
558 3741 680 3836 notis
706 3748 954 3862 exceptam
982 3741 1141 3847 fuisse,
1170 3739 1308 3865 longe
1339 3742 1560 3844 diversam
1589 3787 1615 3844 a
1640 3762 1857 3877 politiore
1884 3804 1960 3881 ea,
2000 3811 2137 3896 quam

435 3943 571 4007 nunc
593 3909 836 4015 habemus,
861 3923 1043 3998 testatur
1064 3908 1283 4001 Asconius
1309 3915 1546 4012 Pedianus
1613 3923 1929 4045 Quintilianus
1954 3945 1971 4056 (
1983 3945 2139 4034 Vll&

443 4116 490 4206 p.
522 4082 609 4190 ar.)
650 4079 873 4198 queritur,
922 4075 1146 4167 orationes
1175 4077 1347 4200 aliquot
1376 4109 1476 4172 suas
1509 4087 1806 4202 circumferri,
1857 4103 2139 4228 negligentia

432 4245 787 4367 excipientium
821 4243 872 4330 in
912 4259 1144 4366 quaestum
1176 4251 1479 4340 notariorum
1511 4245 1754 4377 corruptas.
1838 4268 2016 4360 Seneca
2057 4275 2138 4388 (in

445 4407 878 4531 Apocolocyuthosi.
911 4408 1053 4532 Oper.
1078 4413 1136 4502 T.
1159 4416 1210 4504 V.
1245 4443 1291 4530 p.
1316 4411 1412 4502 250.
1449 4415 1519 4506 ed.
1538 4421 1660 4540 Bip.)
1694 4422 1913 4525 doleno:
1952 4438 2142 4540 „Multa

446 4573 608 4662 diserte
645 4572 760 4664 dixit
796 4576 874 4688 (in
906 4593 1063 4669 senatu
1098 4579 1339 4704 Deorum)
1374 4613 1498 4706 qzrae
1531 4601 1757 4688 notarim
1778 4609 2005 4728 persequi
2039 4637 2140 4712 non
