4476 5760
972 449 1258 610 ..43...
1371 418 1472 562 μ’

282 654 583 753 occurremus.
625 660 836 752 Graviter
847 661 983 752 stiam
1002 663 1153 782 lapsus
1179 683 1245 754 est
1255 661 1512 767 schilterus,
1532 665 1603 751 vir
1618 665 1670 754 in
1683 667 1955 761 Teutonicis

282 827 472 948 quidem
502 821 842 948 antiquitatibus
877 828 1156 946 explicandis
1188 824 1308 918 inter
1336 857 1507 916 omnes·
1523 830 1770 938 excellens,
1813 866 1956 953 quum

282 995 365 1103 (in
381 992 591 1082 thesauro
612 996 687 1080 ΙΙΙ.
708 993 805 1112 598.
832 993 872 1111 5.
884 997 962 1083 IV.
987 997 1017 1083 f.
1043 990 1236 1082 Tab.'ad
1258 1023 1304 1110 p.
1319 1017 1404 1105 400
1433 993 1529 1112 Fig.
1552 993 1647 1103 IV)
1675 1015 1805 1085 notas
1817 999 1956 1088 -Tiro-

282 1161 440 1249 nianas
460 1162 606 1249 literas
619 1156 834 1246 Gothicas
851 1179 1040 1275 putaret,
1064 1157 1281 1276 deceptus
1296 1153 1422 1243 haud
1441 1154 1826 1277 dubie-opinione
1849 1195 1954 1252 ano.

282 1316 414 1442 nymi
443 1314 672 1443 scriptoris
703 1324 785 1425 (in
811 1320 1000 1414 Vulcan.
1031 1325 1089 1415 de
1118 1328 1181 1414 lit
1204 1320 1355 1409 Getar.
1372 1319 1528 1408 libello
1557 1351 1603 1439 p.
1629 1324 1721 1433 16).
1756 1331 1762 1341 ’
1793 1326 1955 1446 Quid?

284 1488 410 1616 quod
440 1479 623 1578 cuidam
638 1483 842 1593 accidit,
884 1509 936 1576 ut
968 1490 1229 1607 psalterium
1261 1486 1504 1590 Latinum,
1541 1488 1664 1578 notis
1679 1491 1954 1585 Tironianis

282 1652 535 1756 exaratum,
564 1651 715 1738 olim
700 1670 819 1738 mter
844 1654 1021 1741 cimelia
1048 1651 1351 1742 bibliothecae
1368 1649 1714 1771 Argentinensis
1744 1656 1953 1774 (tots),

110 1811 116 1817 ’
281 1809 624 1918 Psalteriitm
602 1846 657 1906 m
686 1816 944 1936 Arrnenica
978 1813 1155 1943 lingua
1190 1815 1539 1990 superscriberet
1573 1817 1800 1929 (Morbos
1826 1823 1954 2059 poly-
2019 1799 2024 1808 ⁴

411 1995 490 2081 Ι.
472 2015 519 2110 2
880 2052 883 2059 -
1124 2042 1128 2049 ·

161 2196 168 2216 ·
282 1990 445 2276 1118Βῇ
464 1992 1012 2272 857)Α111(Ρ11551115511.
1030 2144 1208 2270 propyl.
1229 2147 1285 2238 Α.
1304 2148 1379 2240 88.
1399 2150 1458 2240 T.
1466 2153 1522 2240 11.
1541 2151 1649 2273 Apr'.
1681 2149 1729 2245 P
1740 2156 1775 2246 I
1808 2157 1951 2254 CIII
2039 2080 2053 2100 δ

282 2329 325 2449 9
348 2309 1954 2441 55,111Β1111119.51αν.(1151.266.31Ρ.(15γοτ’.ν.5.585).911111111133
2096 2446 2104 2458 ο

282 2506 414 2580 ‘notas
432 2512 532 2572 non
550 2481 878 2604 intelligerent,
893 2476 980 2574 'eas
1002 2478 1164 2575 rerum
1188 2478 1425 2571 scribendi
1447 2510 1593 2600 genus
1623 2511 1740 2587 esse,
1768 2514 1953 2602 prorsus

283 2669 527 2775 negarunt,
556 2643 675 2735 nihil
694 2642 751 2735 iis
771 2644 1014 2770 significari
1039 2643 1249 2735 arbitrati.
1305 2636 1408 2729 Alii·
1432 2661 1589 2730 contra
1620 2642 1741 2733 hanc
1763 2654 1952 2768 scriptu.

96 2825 99 2830 ’
284 2808 380 2907 ram
403 2817 461 2904 itt·
471 2798 613 2902 literis
634 2802 852 2933 reperisse
868 2814 964 2903 sibi
989 2811 1233 2921 videntur,¹
1253 2840 1368 2934 qnae
1396 2842 1455 2905 ex
1471 2798 1736 2902 Tironiano
1758 2816 1951 2910 minime

284 2969 390 3073 sunt
411 3000 578 3103 genere
600 2981 660 3099 (6.
673 2979 770 3100 569.
788 2983 1025 3098 441339),
1056 2981 1170 3097 quin
1194 2981 1329 3067 etiarn
1345 2979 1397 3064 in
1416 2974 1502 3082 eis,
1534 3008 1649 3096 quae
1671 3010 1732 3066 ne
1749 2984 1950 3099 speciem

33 3162 38 3170 ’
129 3268 133 3273 ⁵
283 3147 470 3271 quidem
480 3141 571 3260 ejus
582 3148 678 3236 sive
700 3138 899 3234 colorem
918 3172 1027 3264 prae
1047 3175 1094 3233 se
1118 3145 1292 3260 ferunt3
1319 3165 1371 3234 ut
1394 3143 1468 3231 vel
1494 3142 1840 3259 inscriptionem
1865 3177 1949 3235 sar.

282 3311 502 3434 cophagi,
522 3307 770 3429 qui'Paesti
787 3312 881 3400 sive
899 3308 1171 3400 Posidoniae
1199 3331 1264 3400 est
1283 3308 1489 3412 effossus,
1511 3309 1811 3396 Tironianam
1840 3340 1951 3421 esse,

282 3482 456 3595 (Ruins
486 3480 542 3567 of
567 3481 713 3566 Poest
734 3500 778 3597 p.
798 3484 871 3587 17)
900 3480 1011 3607 satis
1031 3472 1188 3594 inepte
1218 3473 1384 3563 dicant.

395 3647 436 3765 6.
473 3644 541 3732 61.
608 3639 865 3730 Maximum
897 3658 1046 3732 autem
1078 3642 1399 3734 detrimentum
1431 3643 1552 3762 cepit
1579 3648 1788 3732 notarum
1818 3644 1950 3738 Tiro-

280 3812 519 3902 nianamm
552 3800 753 3899 studium
782 3803 838 3896 ab
867 3807 944 3914 iis,
989 3812 1070 3931 qui
1096 3838 1154 3902 ex
1174 3815 1329 3935 signis
1365 3810 1605 3900 arbitrariis
1639 3841 1713 3901 eas
1743 3835 1948 3906 constare

283 3976 604 4069 aestimamur.
672 3976 772 4064 Hac
804 3977 927 4089 enirn
960 3972 1262 4094 praejudicata
1290 3976 1513 4093 opinione
1544 3976 1583 4064 si
1615 3978 1716 4096 quis
1755 3976 1946 4087 ducitur,

283 4144 434 4237 omnis
448 4158 657 4227 notarum
677 4143 849 4230 tollitur
871 4139 1080 4257 analysis:
1111 4169 1200 4261 qua
1217 4143 1409 4248 sublata,
1438 4143 1569 4232 notio
1591 4169 1696 4231 vera
1721 4169 1772 4233 ac
1791 4142 1946 4234 distin·
1997 4213 2008 4241 .

284 4301 354 4400 cta
376 4335 625 4424 numquam
654 4309 800 4424 parari
822 4325 984 4427 potest
1039 4305 1188 4418 Huius
1208 4309 1368 4396 erroris
1390 4311 1617 4428 arguimus
1647 4329 1691 4395 et
1710 4308 1948 4420 Cujacium

283 4473 421 4594 (Obs.
443 4472 502 4566 L
520 4468 621 4562 XII.
653 4470 789 4587 O.4o.
821 4505 866 4594 p.
887 4473 1014 4594 595),
1045 4488 1089 4562 et
1110 4471 1326 4592 Lipsiurn
1353 4469 1431 4583 (ad
1452 4471 1580 4592 Belg.
1601 4501 1671 4588 ep.
1704 4474 1867 4561 centI.
1890 4499 1946 4586 27
