4896 5890
974 591 1032 614 ..
1086 567 1284 669 209...

279 849 313 868 ,,
363 756 569 884 ,ctas-J.
626 756 813 880 Vulgari
832 755 1019 878 quidem
1046 759 1150 850 usai
1176 752 1399 879 loquendi
1427 754 1714 880 indulgentes
1736 759 1866 885 signa
1884 792 1960 884 ap.

288 929 506 1046 pellamus
522 955 595 1030 ea,
616 947 731 1044 quae
751 953 776 1010 a
796 925 1024 1043 primitiva
1042 921 1270 1010 literarum
1289 923 1433 1012 forma
1453 921 1635 1045 longius
1661 923 1957 1038 deflexerunt,

202 1104 215 1138 *
291 1070 545 1212 quibusque
590 1091 790 1210 plurium
822 1090 1050 1178 literarum
1084 1087 1348 1204 complexus
1384 1121 1481 1178 uno
1516 1093 1672 1184 calami
1698 1094 1839 1190 ductu
1871 1104 1958 1192 for-

286 1275 505 1348 matarum
531 1255 829 1346 denotanturr
873 1273 1068 1342 attamen
1092 1249 1292 1340 'multum
1319 1254 1466 1362 abest,
1505 1276 1557 1346 ut
1591 1263 1957 1360 antecedentium

287 1455 473 1548 gregem
488 1441 724 1542 sequentes
736 1409 1100 1538 hos'complex'us
1112 1448 1197 1536 pro
1215 1403 1349 1512 meris
1369 1423 1510 1544 signis
1525 1422 1790 1542 habeamus3
1813 1460 1957 1549 quum

285 1589 405 1679 veris
426 1606 634 1676 constent
652 1587 812 1692 literis,
838 1589 934 1672 imo
954 1613 1015 1672 ne
1036 1601 1267 1702 correptae
1289 1581 1476 1703 quidem
1495 1616 1628 1720 saepe
1651 1592 1742 1680 sint
1762 1594 1956 1710 syllabae

286 1755 427 1876 siguis
451 1751 538 1840 illis
562 1767 755 1838 notatae.
811 1745 1083 1838 Incredibile
1109 1766 1174 1838 eat
1198 1747 1347 1856 dicta,
1376 1771 1543 1870 quanta
1568 1753 1626 1842 sit
1650 1755 1852 1846 virorum
1877 1757 1956 1849 do·

286 1939 462 2011 ctorum
492 1913 733 2004 inhaere
768 1913 956 2002 incuria.
1027 1913 1095 2000 'In
1125 1916 1338 2007 omnibus
1372 1919 1466 2006 fere
1497 1920 1653 2024 libris,
1699 1921 1750 2010 in
1788 1924 1953 2043 quibus

286 2085 457 2173 Graeca
480 2037 688 2170 urentur
714 2077 1022 2200 grammatica,
1051 2107 1091 2166 e,
1111 2112 1154 2200 g.
1174 2079 1256 2168 sub
1285 2080 1475 2170 barbaro
1493 2075 1955 2182 Abbreotaturarum

282 2252 472 2340 nomine
495 2245 671 2334 collecti
692 2242 980 2359 reperiuntur
1002 2237 1273 2330 characteres
1301 2243 1349 2342 dp
1372 2247 1425 2342 ahl
1449 2246 1507 2342 salv
1532 2253 1597 2348 rbi
1620 2251 1699 2346 othl
1724 2269 1764 2338 «s
1788 2285 1821 2334 ee
1844 2263 1878 2342 rt
1901 2225 1958 2348 eti

282 2427 330 2500 sas
356 2417 453 2488 lb»
475 2418 568 2499 m
547 2413 611 2484 wi
635 2441 706 2510 χω
729 2424 759 2485 8
786 2434 840 2507 qr
866 2433 982 2525 quos
1001 2403 1085 2521 qui
1106 2403 1298 2492 curatius
1318 2407 1587 2524 inspexerit,
1617 2439 1676 2497 ne
1698 2443 1836 2503 unam
1856 2423 1952 2537 qui-

283 2577 389 2671 dem
409 2575 616 2667 literam
602 2603 653 2660 rn
676 2571 756 2675 iis,
785 2598 900 2688 quae
918 2565 1043 2656 hisce
1067 2557 1393 2656 characteribus
1415 2569 1742 2731 significantur,
1772 2581 1951 2694 syllabis

281 2739 559 2843 desiderari,
588 2723 741 2855 neque
781 2732 922 2854 igitur
955 2749 1179 2848 correptas
1208 2759 1282 2820 eas
1314 2761 1436 2836 ease,
1480 2715 1735 2856 cognoscet.
1811 2743 1951 2848 Error

281 2938 413 3014 vero,
458 2905 538 3024 qui
568 2903 676 2990 istos
710 2901 831 3018 cepit
858 2897 1012 3002 viros,
1057 2893 1168 2986 inde
1197 2915 1379 2986 exortus
1410 2915 1501 3002 est,
1546 2897 1672 3018 quod
1699 2905 1952 3032 palaeogra-

280 3075 419 3196 phiae
446 3066 647 3160 studium
673 3061 1001 3182 neglexerunt:
1036 3057 1094 3149 ad
1127 3057 1252 3182 quod
1285 3061 1323 3148 si
1349 3057 1688 3181 quodammodo
1722 3069 1952 3166 incubuis-

281 3256 400 3342 sent,
429 3231 569 3322 facile·
583 3227 930 3332 intellexissent,
957 3225 1228 3318 characteres
1256 3220 1357 3312 illos
1383 3223 1573 3314 minime
1599 3227 1826 3320 arbitraria
1855 3265 1951 3330 esse

279 3405 431 3532 signa,
459 3391 540 3486 sed
567 3411 693 3484 veras
724 3393 897 3500 literas,
932 3395 995 3482 ita
1024 3392 1285 3482 festinmter
1307 3389 1490 3508 scriptas
1520 3411 1564 3482 et
1588 3381 1869 3518 conjunctis,
1898 3427 1951 3499 ut

279 3563 429 3653 liceta
451 3560 680 3680 primitiva
699 3559 844 3652 forma
865 3553 1154 3662 deflexerint,
1175 3555 1322 3647 nihilo
1342 3577 1493 3648 tamen
1516 3560 1683 3652 minus
1691 3593 1849 3658 omnes
1866 3571 1951 3688 syl·

280 3683 482 3815 labarum
510 3709 840 3847 designatarum
870 3721 1016 3812 literas
1045 3720 1422 3842 complectantur,
1451 3722 1665 3816 videlicet
1699 3755 1809 3844 γεν,
1848 3729 1945 3848 ded,

281 3921 408 4006 μεν,
455 3887 591 3996 μῶν.
626 3876 795 4008 rapti,
834 3913 956 4009 περ,
993 3917 1070 4009 ρι,
1111 3909 1215 4003 τοι,
1267 3888 1399 4006 ros,
1449 3889 1553 4009 ὲςι,
1605 3919 1691 4008 aa,
1738 3921 1834 4014 ην,
1872 3930 1944 4020 ος,

280 4061 392 4176 ὑπὸ,
434 4084 585 4182 segor,
621 4091 696 4175 ov,
737 4088 796 4159 nt.
1616 4171 1619 4182 y

389 4241 432 4360 d.
463 4235 560 4353 248.
604 4229 851 4354 ,Quoniam
870 4261 1020 4356 autem
1038 4229 1233 4332 subinde
1252 4241 1322 4348 fit,
1350 4263 1402 4332 nt
1422 4235 1656 4336 oblivione
1678 4251 1845 4340 sensim
1869 4255 1947 4346 ob.

278 4421 430 4497 raatnr
458 4405 692 4525 signorum
724 4403 1167 4524 compendiariorum
1202 4393 1364 4532 origo;
1402 4411 1614 4534 equidem
1649 4387 1750 4506 ¹non
1783 4419 1945 4530 miror,

276 4575 328 4664 in
356 4566 616 4666 definienda
642 4599 801 4666 eorum
822 4589 987 4672 natura
1012 4541 1430 4696 aliquandoerrari.
1479 4579 1547 4672 E
1564 4611 1607 4704 g.
1621 4581 1748 4672 inter
1776 4577 1946 4698 literar,

1260 4761 1316 4856 27
