4778 5902
929 611 1242 704 *281-

259 857 358 924 mus
375 825 442 948 (d.
466 830 566 946 17):
595 821 652 914 da
681 823 766 912 hac
784 847 896 911 vero
918 820 1042 910 haud
1069 829 1205 942 pauci
1228 846 1382 936 enmt,
1412 833 1493 952 qui
1517 827 1749 944 dubitent,
1779 867 1932 962 neque

260 1011 574 1112 assequantur,
616 987 851 1111 quomodo
888 990 1144 1078 Tironiana
1176 992 1382 1110 scriptio,
1426 1026 1541 1118 quae
1570 999 1681 1118 ipsis
1713 1031 1934 1122 perquam
2003 987 2020 1006 ⁵

262 1160 452 1249 obscura
470 1155 687 1259 videatur,
705 1155 881 1275 vulgari
898 1152 1057 1240 clarior
1077 1150 1422 1273 distinctiorque
1441 1154 1599 1246 haberi
1620 1166 1775 1279 possit.
1818 1166 1936 1258 Atta-

263 1355 370 1414 men
389 1323 600 1411 facillime
618 1317 669 1408 id
694 1316 991 1408 demonstrari
1015 1315 1209 1434 poterit,
1237 1315 1440 1408 instituta
1462 1329 1674 1416 notarum
1695 1329 1935 1423 collatione

265 1519 370 1579 cum
379 1489 702 1582 Romanorum,
716 1484 853 1571 literis
871 1473 1154 1601 vulgaribus,
1185 1483 1299 1602 quin
1326 1484 1459 1574 etiarn
1479 1483 1589 1605 ipsis
1609 1489 1936 1614 tachygrapho.

260 1682 363 1740 rum
381 1649 552 1738 formis.
613 1647 693 1736 De
709 1647 797 1736 illis
817 1643 1005 1768 quidem
1027 1646 1251 1735 nonnulla
1270 1669 1373 1769 ante
1393 1652 1678 1773 (amaon)
1704 1657 1792 1769 jam
1822 1659 1935 1752 dixi-

261 1846 385 1930 mus3
409 1808 769 1934 sedargumenta
787 1812 856 1899 ibi
876 1808 1018 1914 adlata
1040 1813 1228 1904 nonnisi
1248 1810 1303 1902 ab
1329 1811 1384 1907 iis
1402 1825 1824 1950 possunt'iutelligi,
1854 1831 1936 1951 qui

264 1983 536 2106 singularem
564 1967 774 2067 notarum
790 1967 996 2068 indolem
1013 1998 1295 2097 perspectam
1318 1978 1501 2090 habent,
1533 1976 1579 2076 et
1600 1984 1657 2078 ad
1675 1994 1842 2084 variam
1869 2027 1936 2084 ea-

265 2181 367 2240 rum
382 2147 747 2250 inclinationem,
777 2141 1098 2264 locorumque,
1128 2169 1243 2261 quos
1271 2147 1527 2236 terminatio
1557 2166 1602 2238 et
1627 2177 1851 2270 punctum
1874 2179 1936 2251 te-

266 2332 408 2417 nent,
442 2309 824 2428 permutationem
856 2305 1097 2428 diligenter
1129 2307 1377 2413 attendunt.
1467 2313 1609 2404 Hisce
1635 2321 1759 2408 enim
1793 2329 1937 2412 omni-

266 2481 352 2570 bus
380 2475 546 2567 similes
579 2491 736 2580 notae,
775 2503 890 2592 quae
921 2470 1095 2560 diversa
1124 2474 1380 2592 significant
1404 2475 1645 2582 vocabula,
1676 2439 1936 2574 discernun-

267 2663 350 2732 tur.
424 2643 519 2733 lam
546 2668 655 2726 vero
685 2634 931 2760 singulares
959 2631 1045 2726 hae
1068 2654 1279 2725 notarum
1304 2637 1598 2757 proprietates
1623 2673 1648 2729 a
1676 2645 1936 2768 vulgaribus

268 2809 583 2896 Romanorum
602 2799 740 2891 literis
768 2793 1030 2920 capitalibus
1055 2801 1247 2892 omnino
1275 2821 1380 2891 sunt
1407 2801 1591 2893 alienae.

379 2999 419 3116 ᾗ.
450 2998 546 3108 324.
604 2991 794 3081 Accedit
817 2989 945 3112 quod
973 2993 1128 3082 literae
1155 2997 1386 3114 capitales,
1416 2993 1692 3118 eaedemque
1711 3003 1938 3123 vulgares,

268 3191 363 3254 una
389 3189 568 3277 semper
591 3155 840 3276 eademque
859 3157 1005 3246 forma
1028 3165 1134 3248 sunt
1161 3177 1206 3247 et
1227 3155 1406 3263 babitu,
1436 3159 1716 3251 Tironianae
1741 3191 1849 3254 vero
1866 3199 1939 3254 va.

269 3329 409 3432 riam,
446 3341 585 3444 prout
610 3301 753 3442 magis
783 3321 996 3412 minusve
1023 3325 1304 3431 mutilantur,
1340 3324 1553 3445 varieque
1588 3331 1946 3454 conjunguntur.·
2074 3381 2076 3384 -

270 3497 471 3584 Mutatae
497 3487 745 3582 earundem
764 3488 934 3578 formae
956 3487 1130 3581 diversa
1150 3519 1336 3614 quoque
1358 3493 1477 3582 inest
1500 3493 1790 3615 significatio,
1822 3529 1941 3618 quae

269 3665 322 3752 iu
338 3663 501 3754 iisdem
520 3661 774 3766 vocabulis,
804 3689 946 3779 quum
970 3659 1229 3781 vulgaribus
1244 3659 1387 3748 literis
1415 3661 1724 3777 scripta'sunt,
1752 3684 1942 3781 propter

272 3845 551 3944 constantem
569 3827 731 3918 harum
748 3825 941 3914 formam
960 3823 1158 3916 discerni
1178 3825 1349 3945 nequit.
1406 3824 1548 3948 Quod
1574 3857 1666 3948 quo
1689 3829 1849 3920 melius
1870 3831 1938 3918 in·

270 3992 514 4115 telligatur,
539 3992 759 4112 exemplis
782 3987 1111 4082 inarabimus.

416 4264 421 4272 ·
531 4201 689 4298 Acvs
842 4156 945 4358 ‘7‘-
1057 4247 1118 4283 τε
1239 4207 1469 4303 Accensns
1499 4209 1650 4328 (125).

532 4417 691 4514 ACVS
842 4375 944 4558 J&
1059 4471 1118 4499 ε
1237 4423 1445 4519 Acerbus
1474 4431 1594 4553 (90).

532 4640 692 4737 ons
854 4603 932 4772 γῆ
1059 4689 1121 4722 1-
1236 4639 1475 4739 Achaicus
1502 4649 1706 4768 (140)..

1258 4811 1314 4904 sc
