4722 5868
1048 583 1108 610 .....
1161 567 1219 665 29
1273 583 1331 614 ....

466 713 683 848 „cart
732 738 912 834 anre
967 689 1152 837 orere
1184 715 1467 846 Paschae
1513 738 1711 848 temo.
1743 738 1899 856 111112)
1947 740 2017 834 m

337 996 339 1002 .
465 925 714 1040 „soona
755 928 1029 1022 canunt

578 1137 781 1246 „Audite
804 1139 938 1257 pueri

660 1312 785 1432 „qud
813 1305 900 1394 smt
929 1302 1085 1394 dulces
1106 1303 1295 1414 litterae,

575 1473 739 1582 „Bene
765 1468 997 1562 discuntur

665 1634 802 1738 „sunt
830 1665 977 1730 amara
1005 1654 1211 1755 tempora
1232 1637 1279 1746 ο).

571 1797 777 1904 „Cuncti
802 1819 1108 1886 concurrunt.

661 1961 833 2070 „nobis
853 1961 1011 2051 laudes
1032 1963 1195 2058 dicere.

568 2128 741 2233 „Multi
770 2126 946 2215 discunt
972 2128 1014 2213 A
1035 2129 1088 2238 d).

660 2319 800 2393 „cum
825 2285 973 2373 studio
1005 2287 1219 2394 uiderint,

573 2471 662 2558 „et
694 2451 782 2539 nos
802 2449 959 2539 felices

661 2621 778 2741 „qui
804 2616 1035 2707 studemus
1049 2616 1225 2710 litteras.

422 2905 461 2994 t)
499 2853 645 2972 Incidit
660 2893 728 2968 hic
747 2894 832 2970 dies
849 2894 894 2968 in
913 2917 1023 2980 eum,
1042 2919 1167 2994 quem
1189 2893 1380 2972 Germani
1402 2895 1555 2970 Krum
1567 2915 1638 2968 me
1661 2893 1710 2968 M
1717 2889 2015 2984 ittwochen,

497 3047 628 3122 idest
657 3048 806 3121 Diem
839 3047 1098 3136 Mercurii
1129 3069 1364 3128 curvum,
1393 3044 1613 3144 appellant,
1646 3043 1721 3144 qui
1739 3044 2016 3126 memorabilis

498 3213 558 3275 est
585 3198 637 3272 ob
660 3197 805 3283 ritum,
841 3167 998 3296 quoin
1023 3198 1185 3300 templis
1214 3192 1521 3300 pontificiorum
1550 3211 1641 3298 post
1670 3197 1919 3278 matutinum
1948 3200 2016 3276 de·

497 3365 697 3431 cantatum
725 3347 925 3426 maximus
941 3348 986 3424 fit
1001 3348 1137 3451 fragor
1159 3366 1198 3426 et
1217 3352 1496 3430 tumultuosus
1515 3351 1712 3438 insultus,
1737 3349 2015 3430 turbulentus.

495 3522 583 3605 que·
597 3503 712 3602 quasi
735 3501 855 3580 furor
873 3529 1112 3608 puerorum.
1134 3527 1173 3581 v.
1184 3505 1360 3580 Halous.
1372 3500 1581 3580 Calendar.
1603 3501 1710 3584 med.
1728 3503 2011 3592 aevi§.XX1V.

492 3681 533 3756 p.
554 3658 617 3729 δι.
645 3655 714 3729 cui
741 3656 933 3756 equidem
968 3659 1179 3760 interpreti
1212 3657 1398 3733 assentiri
1431 3656 1560 3740 malo,
1602 3679 1724 3754 quarn
1754 3655 1907 3756 Langio
1945 3657 1980 3756 ('
2091 3655 2095 3664 ’

428 3872 430 3876 .
494 3805 690 3881 Meuselii
721 3807 845 3882 libror
883 3809 1294 3896 Geschichtforscber‚
1329 3813 1357 3888 i.
1376 3837 1410 3888 e.
1431 3808 1692 3898 historiarum
1719 3819 2012 3910 perscrutator,

494 3957 850 4046 111.221,ubiet
882 3965 969 4040 loca
1000 3965 1114 4042 citata
1145 3965 1329 4076 fallunt).

421 4113 456 4207 ι)
501 4107 565 4184 Sic
591 4115 725 4189 omnis
752 4117 841 4194 aevi
867 4119 1058 4197 lamenta!

419 4271 461 4362 a)
494 4268 622 4364 Lege:
651 4267 880 4350 Discunt
904 4275 1057 4352 multi
1078 4277 1124 4353 A.
1176 4279 1289 4354 Latet
1306 4281 1415 4355 enim
1437 4275 1641 4382 inprimis
1663 4296 1858 4358 versuum
1880 4269 2010 4349 literis

492 4413 761 4516 Alphabetum
778 4425 1062 4519 artificiosum,
1088 4435 1202 4534 quod
1223 4429 1475 4522 acrostichon
1496 4435 1661 4526 dicunt,
1684 4426 1886 4540 perversis
1903 4439 2012 4536 post·

489 4589 537 4644 ee
562 4573 856 4662 mutationibus
879 4597 1129 4690 corruptum.
