4778 5902
861 610 1267 705 .-·325-

278 829 413 952 etiam
440 823 607 920 menda
628 826 801 946 ubique
827 843 1116 944 repetuntur,
1142 841 1196 917 ut
1221 821 1274 915 in
1299 819 1522 922 vocabulo
1536 829 1779 929 Futurwn
1799 837 1946 957 prims

277 997 451 1111 syllaba·
474 977 627 1097 Λ
655 1013 739 1110 pro
778 973 904 1112 ſss
928 1050 941 1084 a
1033 1099 1036 1107 Δ

335 1241 338 1248 .
392 1165 430 1290 q
462 1161 559 1258 365.
615 1165 785 1286 Neque
804 1159 1004 1260 debitam
1029 1163 1081 1254 in
1102 1159 1224 1258 notis
1245 1091 1524 1286 explicandis
1542 1165 1824 1294 diligentiam
1843 1181 1946 1272 Cara

277 1337 535 1457 peutierum
564 1329 848 1448 adhibuisse,
878 1355 929 1420 ac
957 1356 1018 1420 ne
1040 1329 1204 1451 ptimis
1226 1331 1413 1451 quidem
1442 1335 1544 1424 artis
1565 1331 1799 1432 elementis
1823 1346 1947 1437 insti.

276 1519 423 1590 tutum
443 1493 615 1617 (5297⁴
637 1486 735 1616 298.
763 1493 865 1606 106)
891 1485 948 1583 ad
977 1519 1073 1584 rem
1107 1486 1353 1616 gerendam
1387 1495 1644 1607 accessisse,
1673 1497 1793 1592 inde
1811 1528 1948 1624 patet,

275 1658 402 1786 quod
428 1657 521 1753 vim
546 1674 591 1752 et
621 1677 889 1783 potestatem
916 1677 1129 1754 notarum
1148 1647 1420 1750 ¹hariolando
1450 1673 1626 1755 tautum
1655 1670 1831 1790 assequi
1861 1691 1948 1761 stus

276 1827 398 1935 duit,
419 1827 478 1918 de
494 1827 633 1920 literis
654 1822 926 1950 syllabisque
942 1823 994 1916 in
1011 1829 1068 1919 iis
1086 1819 1328 1918 latentibus
1352 1827 1542 1920 minime
1559 1827 1798 1924 laborans*
1836 1837 1949 1960 Quo

275 1995 442 2098 fectum
469 2015 553 2102 est,
583 2009 635 2086 ut
653 1987 1067 2116 tachygtapborum
1094 1982 1464 2116 orthographiam
1488 2021 1671 2114 proram
1702 2031 1807 2090 non·
1822 2006 1949 2095 attin-

277 2171 403 2281 geret
424 2153 483 2279 (ᾗ.
501 2185 600 2280 2970
617 2159 741 2282 298),
771 2185 924 2282 neque
943 2155 1109 2250 menda
1132 2184 1159 2247 a
1180 2155 1499 2251 festinan-tibus
1519 2153 1778 2271 commissa,
1808 2145 1947 2259 anima

277 2321 544 2429 adverteret,
588 2321 702 2444 quin
738 2320 872 2413 etiam
906 2351 941 2450 a¹
964 2351 1075 2411 vero
1113 2313 1409 2412 abhorrentes
1440 2321 1788 2444 significationes
1828 2323 1951 2430 notis

277 2515 410 2606 saepe
437 2485 665 2576 tribueret
723 2483 777 2576 Id
803 2481 989 2608 quidem
1016 2483 1222 2608 pluribus
1242 2483 1461 2612 exemplis
1487 2515 1546 2582 ex
1572 2521 1627 2582 eo
1652 2489 1769 2583 libro
1790 2501 1946 2589 sumtis

276 2653 469 2776 probare
498 2677 701 2773 possent,
730 2647 809 2744 sed
837 2677 982 2772 pauca
1006 2665 1182 2742 tantum
1207 2653 1445 2770 proferam.
1530 2652 1587 2744 In
1618 2655 1768 2746 tabula
1799 2665 1948 2781 prima

276 2839 431 2910 notam
453 2817 658 2942 quintam
686 2814 881 2940 explieat
904 2821 1140 2926 Amissae,
1169 2843 1284 2939 quae
1307 2848 1412 2908 vere
1436 2815 1945 2942 significatlAmittant.

278 2987 424 3078 Causa
449 2983 612 3076 erroris
642 2983 772 3078 facile
791 2979 1069 3110 intelligitur.
1127 2983 1241 3074 Eam
1259 2979 1430 3074 scilicet
1448 3005 1603 3075 notam
1623 2993 1780 3080 sumsit
1801 3024 1858 3083 ex
1881 3025 1948 3083 ea-

275 3148 460 3274 pitulari
494 3147 730 3241 liudovici
765 3131 836 3240 Pii
868 3153 1064 3263 (ono),
1103 3143 1197 3240 abi
1226 3172 1384 3238 sentus
1413 3147 1599 3268 quidem
1644 3157 1860 3271 postulat,
1897 3179 1949 3248 ut

276 3317 450 3441 legatur
473 3311 720 3426 Amidae,
745 3346 852 3408 vere
877 3333 1029 3406 tamen
1055 3311 1273 3433 scriptum
1306 3331 1373 3402 est
1394 3308 1676 3420 Anaittant;
1714 3316 1839 3436 quod
1868 3323 1949 3408 mi.

278 3481 664 3589 nime-intellexit,
693 3485 916 3614 qnoniam
934 3476 1275 3569 terminationes
1310 3420 1389 3618 ζι
1429 3473 1489 3550 ὲ-
1504 3479 1597 3566 ortt
1613 3473 1676 3598 (d.
1689 3482 1794 3604 269)
1812 3503 1950 3606 atque

278 3595 334 3754 s
364 3693 422 3724 ι-
447 3645 707 3768 aetddoo)
735 3641 989 3757 discemere
1005 3671 1105 3734 non
1133 3645 1295 3763 pontit.
1351 3641 1530 3732 Praeter
1553 3639 1675 3734 hanc
1693 3665 1869 3755 notam,
1894 3653 1947 3740 in

280 3817 427 3934 prima
447 3809 678 3934 alphabeti
702 3808 979 3904 tabulealiae
1000 3809 1134 3901 etiam
1153 3829 1290 3896 notes
1309 3825 1432 3913 sunt,
1462 3835 1573 3929 quas
1599 3808 1714 3898 male
1737 3811 1868 3933 legit,
1898 3833 1950 3906 ut

280 3975 546 4101 Adjutores
556 4041 571 4086 ,
600 4007 685 4097 pro
717 3963 1078 4105 Aztlj'zttoribus;
1110 3971 1447 4101 Aquisgrani‚
1480 4001 1566 4091 pro
1595 3969 1950 4099 Aquisgram's;

281 4135 448 4246 Alius,
464 4166 551 4257 pro
575 4137 803 4250 Alabum
827 4133 1071 4244 Jrniieizon
1081 4205 1096 4251 ‚
1118 4168 1203 4260 pro
1230 4135 1581 4244 Iudiciarz'um;
1609 4135 1840 4248 Karalus,
1862 4171 1953 4261 pro

284 4298 472 4394 Kareli.
522 4307 584 4392 tat
600 4303 650 4394 in
671 4295 828 4396 ceteris
850 4321 1035 4428 qnoque
1057 4303 1367 4424 multipliciter
1389 4324 1514 4394 errat
1551 4303 1778 4426 Exemplo
1797 4307 1853 4396 sit
1869 4306 1949 4393 Ca-

280 4467 483 4589 pitularii
505 4469 672 4593 pagina
694 4471 858 4590 prima,
885 4473 937 4562 in
962 4451 1051 4596 qua
1077 4501 1169 4562 una
1195 4469 1412 4562 tredecim
1443 4471 1738 4562 animadverti
1767 4501 1948 4578 errores,

279 4637 479 4754 (versi)
503 4633 783 4759 pervolant,
809 4669 895 4762 pro
918 4635 1219 4762 pervolarint
1228 4675 1247 4747 ,·
1275 4641 1409 4753 (vera.
1421 4646 1470 4758 4)
1494 4643 1714 4764 operari,
1741 4669 1827 4763 pro
1845 4664 1953 4755 ope
