4722 5868
1203 533 1490 632 ...ὅς-ι

505 747 798 868 Quamquam
817 715 1099 868 *hypothesis
1138 771 1292 842 nostra
1324 753 1398 844 his
1431 753 1633 846 versibus
1666 757 1849 876 probari
1883 783 1979 856 non
2012 791 2170 889 potest,

505 947 648 1036 quum
677 916 869 1005 minime
902 913 1179 1006 conveniant
1198 947 1332 1024 aevo,
1364 947 1456 1036 quo
1487 934 1618 1008 notas
1646 919 1919 1018 Tironianas
1946 951 2061 1024 ortas
2084 969 2170 1028 esse

506 1111 764 1189 censemus,
804 1102 937 1202 atque
970 1085 1021 1169 in
1054 1083 1180 1172 libris
1209 1112 1349 1170 manu
1381 1081 1558 1202 scriptis
1589 1087 1831 1200 posteriori
1860 1087 2044 1185 demum
2071 1119 2170 1192 tem.

500 1280 615 1371 pore
647 1252 904 1370 saepissime
935 1251 1103 1338 inserta
1129 1251 1438 1369 reperiantur,
1482 1277 1598 1367 quae
1631 1249 1686 1336 ab
1720 1280 1877 1342 eorum
1919 1267 2169 1360 auctoribus

500 1447 683 1540 prorsus
705 1417 796 1550 siut
815 1415 987 1526 aliena;
1018 1413 1120 1502 illos
1140 1433 1316 1518 tamen,
1346 1432 1399 1501 ut
1416 1416 1618 1532 'poeseos
1635 1411 1777 1503 medii
1798 1420 1897 1508 aevi
1921 1427 2166 1540 specimen,

494 1580 823 1702 apponendos,
852 1610 1006 1700 noque
1033 1580 1233 1702 ingratos
1256 1581 1381 1684 fore,
1412 1580 1776 1673 existimavimus.

604 1747 646 1866 §-
676 1744 746 1834 55.
801 1741 893 1834 sed
913 1765 965 1833 ut
986 1776 1066 1850 eo,
1095 1744 1219 1835 unde
1242 1774 1417 1867 egressa
1436 1765 1521 1850 est,
1547 1748 1707 1836 referat
1726 1779 1774 1840 se
1791 1753 1954 1860 oratio,
1984 1787 2045 1846 ne
2069 1765 2164 1880 quis

489 1915 682 2008 forsitan
711 1909 920 2014 miretur,
950 1941 1060 2015 nos,
1091 1913 1172 2032 qui
1195 1913 1423 2001 Tironem
1460 1931 1669 1999 notarum
1705 1933 1935 2007 auctorem
1965 1949 2060 2012 esse
2088 1930 2164 2016 mi·

489 2084 617 2170 nime
634 2077 874 2200 largimur,
903 2075 1207 2167 nihilominus
1228 2080 1530 2198 appellatione
1557 2079 1797 2170 Natarum
1827 2081 2041 2197 Tirones,
2070 2097 2161 2188 sive

482 2241 896 2344 ttrontanarum,
926 2271 1105 2362 semper
1121 2245 1212 2333 uti:
1241 2245 1351 2334 sciat
1376 2247 1438 2352 is,
1467 2249 1578 2334 usui
1600 2243 1832 2374 loquendi
1853 2279 1940 2339 tzor
1969 2255 2160 2375 qztr'dem

485 2399 761 2537 indulgere,
790 2407 879 2496 sed
899 2409 1154 2495 scientiam
1174 2400 1315 2497 nobis
1338 2441 1589 2501 reservare.
1628 2413 1839 2502 Attamen
1855 2418 2046 2508 minime
2061 2453 2162 2541 pro.

484 2581 671 2677 bamus,
701 2570 830 2691 quod
862 2571 1122 2656 Gattererus
1147 2573 1302 2680 (elem.
1328 2571 1395 2686 78.
1413 2571 1503 2684 do)
1529 2576 1684 2663 omnia
1707 2576 2056 2701 tachygraphiae
2086 2619 2159 2710 ge.

485 2772 609 2845 nera,
634 2739 689 2825 ab
710 2733 942 2823 Hebraico
962 2762 1107 2853 usque
1128 2732 1185 2822 ad
1204 2738 1521 2846 recentissima,
1536 2740 1619 2830 sub
1639 2743 1838 2864 generali
1855 2742 1946 2836 hoc
1966 2755 2158 2848 nomine

488 2899 850 3026 comprehendit,
876 2920 1010 3026 atque
1029 2921 1241 2992 notarum
1266 2903 1621 2995 Tironianarum
1637 2897 1983 3020 Hebraeorum,
2013 2913 2157 3009 Grae.

483 3107 663 3182 corum,
692 3065 963 3196 Anglorum
993 3091 1075 3160 cet.
1110 3069 1287 3162 disertis
1309 3075 1460 3165 verbis
1484 3073 1704 3206 meminit.
1763 3071 1871 3192 Quo
1896 3076 2080 3170 fortasse
2100 3083 2155 3174 in

452 3275 680 3338 errorem
716 3235 933 3328 inductus
969 3259 1033 3328 est
1069 3238 1308 3330 Schmidt·
1328 3235 1615 3344 Phiseldeck,
1653 3261 1704 3328 ut
1746 3241 1910 3354 (instit.
1936 3263 2012 3334 art
2039 3245 2151 3368 dipl.

479 3416 634 3504 Germ.
656 3403 724 3518 57.
755 3407 795 3524 ᾗ.
808 3403 890 3524 89)
922 3408 1069 3532 signa
1090 3403 1544 3536 tacdygraphorum
1562 3401 1829 3532 Auglornm
1858 3411 1989 3496 notis
2021 3408 2152 3502 Tiro-

476 3580 646 3670 niant's
674 3565 862 3660 similia
899 3602 991 3660 esse
1022 3575 1201 3664 incaute
1235 3575 1486 3664 affirmaret.

585 3746 624 3866 p.
656 3740 724 3830 56.
783 3735 856 3844 Ad
880 3741 1190 3862 antiquitatem
1220 3741 1355 3855 hujus
1387 3743 1630 3862 scripturae
1660 3741 2020 3864 investigandam
2049 3744 2148 3838 duo

473 3914 758 4032 potissimum
788 3912 937 4001 facere
957 3904 1193 4012 videntur,
1222 3926 1321 3996 tum
1354 3925 1757 3996 monumentorum
1787 3903 2008 4019 ejusmodi
2043 3905 2147 4012 cha-

474 4074 717 4166 racteribus
745 4075 1069 4195 insignitorum
1102 4071 1447 4192 contemplatio,
1476 4094 1575 4164 tum
1606 4091 1816 4162 notarum
1839 4072 2038 4192 ipsarum
2067 4107 2148 4168 ex-

466 4242 676 4366 ploratio
744 4239 822 4328 Illa
851 4239 1036 4362 quidem
1062 4239 1188 4331 haud
1216 4243 1408 4332 multum
1434 4243 1692 4363 proficitur,
1722 4238 1824 4356 plus
1856 4257 2009 4326 tamen
2038 4237 2142 4330 hac.

468 4411 585 4500 Sunt
604 4411 730 4502 enim
754 4405 976 4522 ejusmodi
993 4401 1396 4502 monimenta'non
1417 4413 1508 4502 nisi
1537 4411 1641 4500 libri
1657 4437 1797 4497 manu
1821 4405 1976 4522 scripti
2001 4425 2046 4493 et
2070 4404 2143 4494 di.
2247 4527 2258 4542 α

463 4577 670 4702 plomata.
745 4574 884 4676 Libri
910 4579 1078 4676 saeculi
1103 4578 1287 4701 septimi
1313 4597 1359 4673 et
1389 4576 1567 4685 octavi,
1612 4569 1879 4666 Tironianis
1909 4570 2031 4661 notis
2063 4572 2138 4662 in-
