4896 5890
933 571 1246 664 *cab-
1409 572 1413 582 '

123 749 125 756 Ι
261 745 501 913 impediet,
531 787 775 908 quominus
792 785 983 876 tonnam
1016 799 1046 892 9
1076 780 1240 872 habeas
1260 775 1367 870 Rho
1386 771 1609 872 Graecum
1632 783 1695 903 (ᾗ.
1708 785 1840 906 484),
1870 815 1927 888 at.

260 979 352 1078 que
373 957 491 1044 banc
521 952 661 1042 solam
688 951 862 1040 literam
887 948 944 1038 ad
969 940 1301 1066 designandum
1323 937 1405 1048 Or,
1432 938 1557 1032 haud
1579 973 1707 1039 aecus
1731 981 1782 1043 ac
1811 957 1842 1046 S
1868 959 1926 1050 ad

261 1113 611 1240 significandum
639 1113 704 1204 Vs
728 1117 792 1234 (ᾗ.
808 1115 943 1228 260),
971 1109 1187 1238 idoneam
1214 1105 1350 1196 fuisse
1380 1102 1544 1198 credas.
1932 1081 1935 1090 ¹

376 1282 416 1398 ᾗ.
441 1279 538 1390 267.
595 1281 765 1368 Notaui
794 1297 896 1416 V
925 1317 982 1348 ===
1008 1273 1090 1364 Eae
1116 1272 1185 1386 (ι)
1213 1271 1487 1360 Tironianas
1514 1275 1750 1368 continere
1780 1283 1929 1386 literas

260 1457 314 1564 ι
349 1488 406 1514 =
433 1447 473 1532 E
503 1462 635 1564 atque
664 1449 709 1535 l
738 1483 797 1518 a·
824 1445 894 1544 X,
924 1459 1080 1529 contra
1098 1431 1505 1558 Benedictinorum
1525 1433 1583 1524 de
1613 1461 1799 1536 canoto
1830 1481 1926 1546 sen.

260 1569 828 1721 tentiameupra(§.141)
864 1606 952 1714 jam
979 1602 1256 1694 monuimus.
1337 1599 1529 1722 Signum
1568 1607 1616 1712 V
1656 1610 1796 1702 modo
1842 1619 1929 1731 Vt,

187 1859 191 1866 ,
251 1765 402 1872 [modo
426 1764 513 1872 To,
537 1767 812 1888 significare,
840 1769 1107 1858 Gruteriana
1133 1763 1320 1888 quidem
1340 1765 1545 1856 collectio
1572 1769 1644 1884 (2.
1665 1777 1754 1896 29)
1785 1779 1930 1884 docet,

262 1933 518 2051 Utrumque
545 1953 652 2020 vero
678 1962 736 2022 ex
763 1951 859 2020 uno
885 1933 1012 2022 fonte
1033 1929 1261 2022 effluxisse
1293 1928 1506 2047 equidem
1532 1930 1706 2028 dubito.
1764 1943 1933 2066 Quem.

263 2091 511 2213 admodum
529 2097 652 2186 enim
680 2100 776 2186 NT
805 2102 999 2215 pressius
1019 2097 1293 2189 scribebatur
1319 2101 1396 2201 Ν“,
1422 2097 1485 2186 ita
1508 2099 1643 2198 etiam
1666 2104 1755 2192 VT
1774 2109 1825 2200 in
1845 2115 1932 2206 for.

263 2290 383 2352 mam
408 2264 710 2350 coarctabatur
734 2263 828 2350 sive
856 2258 916 2365 'V
943 2261 1149 2368 (Gellarii
1168 2263 1367 2382 orthogrt
1390 2268 1490 2380 47),
1531 2267 1626 2354 aive
1653 2269 1713 2383 V
1731 2274 1930 2394 (§.165).

267 2429 407 2542 Cujus
440 2446 609 2516 tectum
645 2455 786 2556 quum
815 2421 984 2514 deinde
1015 2423 1241 2513 brevitatis
1282 2445 1411 2514 causa
1440 2429 1749 2538 omitteretur,
1787 2437 1932 2559 ligura

264 2597 429 2688 mansit
470 2597 546 2704 νς
591 2621 706 2713 quae
751 2609 923 2680 servato
953 2585 1159 2716 quidem,
1202 2585 1283 2676 sed
1310 2591 1546 2707 separatim
1576 2591 1754 2704 addito,
1787 2618 1929 2710 tecto,

171 2851 178 2870 ,
267 2770 402 2858 ellam
423 2759 700 2880 conspicitur
715 2759 766 2844 in
784 2773 893 2844 nota
918 2728 1018 2888 ἦ
1043 2794 1101 2824 ==
1128 2753 1253 2841 vra
1362 2751 1511 2870 Utecc
1530 2757 1680 2872 (137).
1734 2761 1931 2860 Alteram

266 2935 425 3025 similis
444 2933 615 3020 formae
633 2941 788 3012 uotam
821 2924 855 3010 V
876 2963 942 3042 τε,
961 2919 1027 3009 To
1048 2919 1154 3040 (29)
1175 2951 1233 3008 ex
1251 2919 1389 3010 literis
1416 2927 1434 3021 l
1454 2923 1569 3010 ==T
1588 2941 1632 3012 et
1652 2953 1681 3011 o
1709 2936 1931 3048 composi.

267 3123 360 3192 tam
383 3099 532 3197 fuisse,
554 3109 605 3178 ut
625 3081 683 3188 V*
702 3087 976 3207 pingeretur,
1002 3114 1058 3172 eo
1081 3079 1383 3172 confidentius
1404 3085 1612 3196 conjicio,
1635 3118 1728 3205 quo
1751 3098 1929 3214 saepius

265 3265 381 3359 liber
404 3257 733 3374 manuscriptus
763 3248 1219 3340 Hass000asseltanua
1253 3277 1278 3336 a
1306 3246 1470 3370 rigida,
1499 3271 1635 3368 quam
1661 3251 1931 3376 Gruteriana
2099 3231 2101 3238 Α

267 3406 410 3520 erlitio
429 3411 633 3528 exbibet,
658 3405 867 3506 formaV
892 3407 1084 3519 recedit,
1113 3445 1165 3503 ac
1190 3413 1341 3532 potins
1375 3413 1457 3501 ν’
1484 3411 1643 3520 habet,
1673 3434 1724 3502 ut
1751 3418 1803 3505 in
1822 3443 1932 3516 nota

278 3539 346 3748 Ξ
389 3629 448 3662 ε-
477 3582 712 3699 C(0n)Lto
730 3569 788 3654 aa·
814 3576 1086 3670 Commilito
1104 3575 1196 3694 (75.
1210 3578 1273 3691 c).
1331 3577 1460 3696 Quin
1494 3581 1627 3668 etiam
1651 3583 1750 3700 ipse
1774 3579 1932 3680 Grute.

200 3765 204 3772 “
268 3785 347 3846 rus
375 3755 460 3844 hac
486 3751 674 3841 meliore
703 3747 848 3836 forma
875 3748 927 3834 in
952 3765 1063 3834 nota
1090 3731 1194 3865 to(
1226 3764 1291 3814 ε’
1310 3743 1452 3833 MGro
1482 3790 1539 3815 --=
1567 3745 1775 3854 Marcus
1805 3749 1932 3844 Cato

271 3883 402 4036 (188)
422 3919 574 4006 utitur:
631 3913 845 4002 Ceterum
870 3909 1211 4002 similitudinem
1234 3939 1332 4001 non
1353 3930 1699 4030 praetereamuS,
1725 3947 1840 4035 quae
1867 3922 1934 4010 in.

271 4103 340 4172 ter
358 4080 447 4170 hoc
462 4080 683 4168 Latinum
704 4077 763 4172 V
780 4115 838 4150 a
862 4079 977 4184 To,
1003 4097 1048 4168 et
1066 4077 1340 4168 Graecorum
1364 4047 1783 4198 tachygraphorum
1805 4075 1848 4200 Υ
1876 4129 1934 4158 ==

271 4249 334 4338 Θο
367 4243 604 4365 (balino)
636 4273 729 4332 esee
757 4243 947 4334 videtur.
1045 4345 1054 4354 ‚

385 4411 425 4530 ᾗ.
454 4409 549 4502 26&
608 4407 848 4528 Originum
863 4430 997 4498 notae
1040 4355 1102 4534 b,
1132 4429 1219 4527 qua
1250 4399 1462 4524 syllabam
1478 4397 1610 4498 Da'm
1637 4407 1933 4532 tachygraphi

272 4573 488 4666 notabant
510 4573 674 4692 (24⁹⁶),
703 4573 943 4670 verisimile
963 4595 1028 4672 est
1044 4576 1181 4668 luisse
1196 4571 1328 4723 hanc.
1385 4576 1655 4720 Vulgaribus
1672 4575 1810 4670 literis
1833 4607 1932 4718 can

1078 4819 1082 4826 .
1246 4753 1308 4868 ‘29
