4722 5868
1154 641 1435 698 ...lo-...-

462 831 619 920 teritus
631 828 820 921 historia
834 828 890 955 (ᾗ.
899 850 967 920 20.
978 824 1108 952 seq),
1137 821 1276 918 studii
1293 823 1516 946 perraria
1538 831 1745 942 tempora
1768 819 1826 914 ad
1843 851 1915 914 eas
1930 821 2134 930 adhibiti,

463 992 779 1086 cduditionem
806 991 1141 1084 recensebimus
1169 992 1232 1110 (b.
1259 987 1328 1088 55.
1356 988 1486 1110 seq),
1544 987 1651 1078 Hoc
1675 987 1795 1078 iacto
1821 985 1888 1077 ad'
1911 989 2136 1108 analysin,

462 1160 560 1252 sive
578 1160 930 1279 explicationem
950 1157 1168 1275 partium,
1192 1156 1358 1279 quibus
1378 1175 1585 1254 constant
1596 1224 1610 1266 ,
1630 1153 2003 1280 progrediemurr
2027 1181 2137 1274 quar

465 1353 592 1412 veras
611 1355 707 1414 esse
733 1325 878 1414 literas
905 1321 1335 1430 demonstrabimus,
1366 1322 1585 1441 cujusque
1613 1321 1793 1450 generis
1826 1321 1917 1409 sint
1957 1321 2136 1422 literae,

337 1500 346 1514 ‘
464 1489 600 1578 simul
624 1489 942 1582 indicabimus.
1000 1487 1235 1624 Quodque
1254 1488 1394 1621 iulgo
1407 1485 1610 1586 'credunt
1633 1507 1768 1610 atquo
1790 1485 1978 1592 dicunt,
2005 1503 2136 1581 notas

463 1656 608 1744 forma
634 1657 854 1778 singulari
890 1675 1023 1776 atque
1057 1653 1410 1752 extraordinaria
1443 1684 1539 1744 esse
1562 1654 1800 1782 figtuatas,
1840 1651 1926 1742 hac
1952 1647 2139 1770 quidem

463 1819 824 1941 reprehensione
850 1851 922 1910 eas
952 1821 1264 1932 liberabimus,
1295 1821 1462 1910 similes
1487 1821 1634 1912 literas
1662 1853 1721 1912 ex
1742 1817 2137 1939 inscriptionibus,

463 1985 640 2092 numis,
669 1983 886 2103 librisque
915 1983 1090 2102 scriptis
1111 1983 1404 2102 proferentes.
1453 1985 1614 2108 Quum
1631 1955 2019 2086 veroiliteranim,
2043 1981 2139 2101 qui-

463 2150 555 2248 ,bus
580 2169 715 2238 notae
735 2151 1015 2254 Tironiauac
1035 2143 1261 2256 constant,
1292 2147 1391 2239 non
1406 2151 1554 2241 solum
1574 2149 1870 2282 simplicium,
1883 2218 1887 2227 .
1900 2144 1981 2238 scd
2003 2149 2139 2236 'etiam

469 2318 831 2428 conjunctarum,
860 2320 973 2405 ratio
992 2319 1185 2436 spectari
1211 2316 1392 2431 debeat3
1418 2314 1513 2410 tam
1537 2319 1888 2426 conversionem
1912 2344 2066 2404 earum
2094 2327 2140 2405 et

464 2479 825 2582 decurtationem
849 2481 986 2600 (9.86.
1006 2483 1113 2600 seq.)
1137 2455 1273 2600 quam
1296 2484 1434 2570 situm
1466 2485 1560 2570 sive
1579 2461 1927 2570 inclinationem
1952 2484 2010 2572 iis
2038 2513 2139 2602 pro·

466 2649 615 2765 priam
635 2643 917 2762 (§.147,seq.)
937 2640 1286 2758 perpendemus.
1331 2643 1446 2734 Inde
1468 2642 1526 2735 ad
1543 2649 1766 2735 rationem
1784 2648 1975 2739 notandi
1995 2652 2140 2770 ipsam

469 2792 730 2933 pergentes,
757 2828 806 2908 et
824 2835 998 2908 nexum
1014 2805 1241 2892 literamm
1257 2805 1524 2943 §.155.seq.)
1546 2831 1591 2902 et
1613 2831 1878 2904 succurram
1896 2819 2140 2906 verborum

469 2980 530 3097 (ᾗ.
557 2979 685 3096 173.),
716 2995 805 3064 tam
826 2977 967 3064 literis
988 2973 1201 3064 omnibus
1222 2980 1551 3085 constantium,
1578 2973 1717 3100 qu'am
1752 2977 2017 3098 compendii
2047 3013 2141 3104 gra-

471 3145 534 3232 tia
558 3140 887 3231 diminuturum
917 3162 961 3229 et
984 3139 1262 3248 decisorum,
1294 3143 1962 3266 explorabirnus(§.1dll‚scq.).
2008 3148 2141 3235 ‘Eun-

473 3309 670 3429 demque
706 3309 846 3396 finem
883 3309 1069 3397 ulterius
1105 3273 1447 3429 persequentes,
1486 3312 1743 3431 periculum
1768 3311 1983 3402 faciemus
2012 3312 2141 3434 signa
2224 3309 2228 3314 ’

475 3471 834 3590 compendiaria,
870 3505 986 3594 quae
1015 3475 1134 3563 veris
1148 3475 1300 3572 ,literis
1327 3473 1467 3597 sitigo
1500 3494 1818 3604 opponuntur,
1855 3473 2138 3593 explicandi,

471 3641 660 3730 aliarum
690 3639 824 3728 etiam
844 3641 1409 3759 scripturarumrationem
1433 3639 1677 3747 habe-ntes,
1705 3637 1909 3761 indeque
1936 3641 2138 3732 similitu·

473 3811 595 3903 dinis
616 3809 1001 3930 comparationem
1022 3801 1305 3897 instituentes
1335 3807 1401 3926 (ᾗ.
1415 3806 1511 3922 246.
1528 3805 1657 3925 seq).

586 3979 626 4098 ᾗ.
660 4005 724 4066 12.
780 3973 962 4096 Quibus
986 3972 1198 4092 peractis,
1226 3974 1450 4061 rationem
1475 3973 1596 4059 'recte
1621 3967 1874 4077 scribendi,
1903 4003 2039 4092 quarn
2070 4007 2138 4066 or·

474 4140 792 4265 thographiam
809 4139 1056 4260 appellant,
1079 4140 1131 4227 in
1151 4140 1272 4231 notis
1289 4139 1555 4229 Tironianis
1577 4137 1790 4225 latentem
1807 4137 2137 4248 illustrabimus,

474 4307 698 4428 simulque
715 4301 1023 4410 ostendemus,
1047 4335 1170 4410 eum,
1198 4306 1279 4426 qui
1299 4301 1647 4428 orthographiae
1664 4303 1934 4422 ‚antiquioris
1955 4308 2139 4425 ignarus

476 4478 558 4581 sit,
577 4493 706 4562 notas
724 4471 776 4556 in
793 4469 962 4575 literas,
980 4471 1144 4590 quibus
1157 4489 1382 4578 constant,
1399 4435 1673 4574 ,solvere-vix
1688 4499 1821 4590 posse
1841 4469 2001 4589 (bnqb.
2015 4474 2136 4591 seq.)r

474 4643 558 4736 De
586 4641 760 4732 ratione
790 4667 1003 4730 nurneros
1035 4635 1322 4760 exprimendi
1347 4637 1410 4753 (i.
1432 4637 1528 4730 515.
1547 4635 1693 4759 seq),
1723 4631 2063 4757 'verborumque
2093 4655 2138 4728 ct
