4896 5890
961 607 1020 628 ...
1078 553 1158 655 ,35
1212 608 1269 630 ..

294 804 488 888 veteres,
512 799 645 899 atque
667 803 704 863 e.
718 805 755 866 cs
780 771 941 881 Clare,
971 771 1091 880 Osa,
1120 768 1277 880 Paleas,
1303 767 1485 882 Tolito,
1508 803 1595 895 pro
1619 774 1801 888 Classe,
1835 777 1968 891 Ossa,

296 944 476 1050 Pellae,
501 938 678 1032 Tollsto
701 959 783 1030 cet.
803 939 1094 1058 scriptitarint
1112 937 1268 1056 (Lips.
1290 933 1348 1024 de
1367 955 1455 1024 vet
1472 937 1576 1028 Lat.
1597 944 1748 1064 script
1771 947 1823 1039 in
1840 947 1970 1040 Clau.

287 1112 408 1231 sing.
434 1111 468 1202 J,
488 1111 536 1196 P.
554 1109 690 1196 Rom.
709 1107 744 1194 1.
765 1103 897 1221 587),
926 1134 985 1192 an
1013 1119 1189 1190 tantum
1213 1116 1266 1188 ut
1294 1098 1476 1190 concise
1505 1091 1725 1198 uocabula
1748 1116 1968 1232 exprime-
2040 1205 2043 1210 ἢ

292 1296 408 1406 sent
480 1275 761 1364 Tironianae
791 1269 981 1394 quidem
1009 1265 1268 1388 scriptionis
1299 1295 1398 1354 uon
1429 1266 1574 1374 illam,
1611 1271 1693 1360 sed
1723 1273 1843 1367 hanc
1872 1311 1969 1398 esse

291 1465 496 1546 causam,
538 1456 723 1528 constat
800 1437 938 1526 Licet
971 1437 1094 1525 eninr
1117 1459 1214 1519 uno
1243 1425 1291 1518 L
1318 1430 1535 1520 scribatur
1563 1339 1654 1582 ‘d‘
1708 1387 1968 1584 ‘yda

290 1603 504 1716 oona,
545 1599 631 1714 ca
630 1601 804 1711 uum,
851 1631 938 1718 pro
970 1593 1143 1703 aaa,
1192 1588 1657 1717 colam(9s)127);
1693 1631 1790 1694 uno
1821 1608 1853 1697 s
1906 1571 1957 1766 ξ

291 1813 348 1840 =
365 1767 525 1860 SOam
545 1795 631 1885 pro
661 1761 828 1852 Ossam
852 1764 976 1884 (96)
934 1771 1087 1876 )cet
1119 1790 1218 1848 non
1243 1777 1396 1848 tamen
1410 1755 1574 1851 desunt
1593 1763 1705 1854 aliae
1729 1791 1885 1884 notae,
1914 1781 1966 1870 in

289 1939 457 2061 quibus
484 1937 737 2060 geminatae
760 1951 1050 2054 compareant
1073 1947 1375 2022 consonantes
1397 1925 1461 2048 (ᾗ.
1478 1927 1580 2045 52);
1615 1951 1751 2054 atque
1776 1935 1868 2030 hoc
1902 1973 1966 2034 sa·

289 2101 347 2190 tis
367 2119 432 2190 est
457 2098 734 2220 argumenti,
763 2097 886 2188 illam
909 2098 962 2184 in
987 2095 1295 2216 superioribus
1320 2097 1553 2190 vocabulis
1577 2103 1808 2197 scribendi
1827 2115 1966 2208 ¹ratio.

286 2277 398 2383 ¹trem
421 2261 562 2354 solius
587 2255 853 2378 compendii
880 2287 1011 2346 causa
1035 2259 1284 2352 adhibitam
1309 2293 1417 2352 esse.

284 2502 305 2532 „
401 2436 442 2554 ᾗ.
472 2461 573 2549 217.
631 2423 723 2520 Sed
746 2423 803 2516 ad
823 2423 1078 2516 difficiliora
1096 2432 1462 2558 progrediamur,
1493 2467 1545 2526 ea
1562 2439 1732 2532 scilicet
1747 2475 1961 2568 compen.

288 2601 364 2692 dia
387 2593 638 2700 scribendi,
667 2591 833 2714 quibus
854 2591 917 2682 ita
943 2591 1175 2688 involutae
1207 2621 1313 2692 sunt
1341 2602 1545 2724 integrae
1574 2608 1789 2722 syllabae,
1818 2635 1870 2704 ut
1897 2649 1959 2712 ne

286 2797 389 2888 pars
419 2757 605 2886 quidem
633 2789 785 2850 earum
814 2759 1029 2878 supersit,
1066 2762 1156 2852 nisi
1181 2762 1493 2884 praecedentis
1521 2765 1784 2864 characteris
1817 2777 1959 2872 lineas

284 2935 542 3055 repetieris,
561 2959 726 3050 easque
748 2927 819 3018 bis
846 2929 1011 3064 servire
1038 2931 1251 3050 coegeris.
1299 2927 1443 3050 Quod
1460 2962 1603 3051 quum
1619 2898 1711 3026 tarn
1737 2941 1789 3028 in
1808 2926 1958 3068 vulga.

285 3101 431 3206 ribus,
469 3127 606 3218 quarn
632 3097 685 3182 in
711 3097 978 3186 Tironianis
1012 3095 1247 3186 observare
1274 3095 1427 3202 liceat,
1467 3095 1562 3186 illas
1596 3105 1958 3226 praemittamus3

286 3263 590 3386 exemploque
614 3259 749 3350 nobis
773 3262 830 3349 sit
850 3261 1050 3380 primum
1072 3255 1363 3378 sepulchralis
1389 3254 1621 3372 cujusdam
1644 3261 1765 3354 tibrli
1795 3267 1959 3378 (Gorii

284 3461 488 3526 monum.
500 3429 596 3519 sive
616 3424 945 3556 columbarium
962 3427 1159 3516 libertos.
1172 3444 1254 3517 cet
1263 3455 1309 3544 p.
1318 3427 1590 3538 aar)versus
1610 3429 1795 3526 ultimus
1805 3433 1957 3530 CON.

285 3603 351 3690 GI
374 3598 545 3690 BENE
559 3592 880 3698 MERENTI,
895 3591 947 3680 in
967 3622 1059 3713 quo
1078 3593 1280 3710 primum
1297 3592 1347 3679 N
1363 3591 1511 3682 literas
1534 3594 1711 3684 etiami
1733 3619 1778 3688 et
1798 3603 1840 3690 V
1860 3605 1956 3714 jun.

285 3781 375 3850 ctas
395 3776 696 3878 repraesentat
715 3759 777 3878 (ᾗ.
794 3754 918 3868 165),
945 3775 996 3845 ut
1014 3757 1155 3878 igitur
1176 3752 1424 3876 legendum
1441 3757 1498 3846 sit
1514 3761 1739 3887 coNIVgi
1748 3801 1759 3854 ε
1787 3765 1955 3858 deinde

285 3923 449 4014 fibulae
479 3921 621 4032 (ibid.
644 3923 782 4044 praef.
813 3953 859 4048 p.
876 3927 1034 4032 xxvu)
1059 3923 1296 4042 inscriptio
1327 3921 1483 4012 VIRT
1493 3923 1560 4014 VS
1598 3925 1669 4014 IN
1700 3926 1843 4020 ΑΜΟ
1876 3935 1955 4022 VI.

274 4087 426 4200 ,VET,
444 4089 497 4178 in
514 4117 603 4208 qua
618 4091 863 4208 penultimi
883 4088 1095 4181 vocabuli
1107 4089 1234 4178 litera
1249 4088 1306 4176 M
1321 4083 1430 4178 duas
1448 4085 1595 4181 literas
1627 4089 1676 4180 N
1701 4109 1746 4183 et
1770 4093 1956 4224 Iusimul

282 4252 621 4374 complectitur,
649 4275 701 4346 ut
735 4289 821 4380 pro
845 4259 989 4352 ΑΜΟ
1014 4252 1260 4381 legendum
1290 4253 1348 4342 sit
1369 4255 1572 4344 aNIMn.
1641 4259 1774 4348 Istam
1799 4261 1953 4352 literae

281 4421 338 4508 M
361 4417 590 4538 duplicem
612 4441 879 4542 potestatem
904 4427 942 4516 si
961 4425 1197 4523 tenuisset,
1226 4418 1306 4539 qui
1325 4419 1596 4542 cenotaphia
1615 4425 1774 4516 Pisana
1801 4423 1954 4518 deferr.

282 4582 434 4676 denda
457 4589 674 4710 suscepit,
704 4587 988 4686 doctissimus
1014 4585 1245 4698 Norisius3
1284 4613 1401 4706 opus
1430 4587 1636 4708 profecto
1663 4589 1956 4704 consuisset,

1275 4770 1386 4866 24-
