<?xml version="1.0" encoding="UTF-8"?>
<!DOCTYPE html PUBLIC "-//W3C//DTD XHTML 1.0 Transitional//EN"
    "http://www.w3.org/TR/xhtml1/DTD/xhtml1-transitional.dtd">
<html xmlns="http://www.w3.org/1999/xhtml" xml:lang="en" lang="en">
 <head>
  <title>
</title>
<meta http-equiv="Content-Type" content="text/html;charset=utf-8" />
  <meta name='ocr-system' content='tesseract 3.04.00' />
  <meta name='ocr-capabilities' content='ocr_page ocr_carea ocr_par ocr_line ocrx_word'/>
</head>
<body>
  <div class='ocr_page' id='page_1' title='image "./palaeographiacr01koppgoog_0385.png"; bbox 0 0 4756 5924; ppageno 0'>
   <div class='ocr_carea' id='block_1_1' title="bbox 448 611 2243 2608">
    <p class='ocr_par' dir='ltr' id='par_1_1' title="bbox 448 611 2243 2608">
     <span class='ocr_line' id='line_1_1' title="bbox 1120 611 1444 736; baseline -0.006 -46"><span class='ocrx_word' id='word_1_1' title='bbox 1120 655 1180 690; x_wconf 68' lang='lat'><strong>.-</strong></span> <span class='ocrx_word' id='word_1_2' title='bbox 1230 611 1327 736; x_wconf 64' lang='lat'><strong>372‘</strong></span> <span class='ocrx_word' id='word_1_3' title='bbox 1371 655 1444 693; x_wconf 60' lang='lat' dir='ltr'><strong>-v-</strong></span> 
     </span>
     <span class='ocr_line' id='line_1_2' title="bbox 448 816 2122 956; baseline -0.001 -33"><span class='ocrx_word' id='word_1_4' title='bbox 448 833 626 956; x_wconf 83' lang='lat' dir='ltr'><strong>quippe</strong></span> <span class='ocrx_word' id='word_1_5' title='bbox 651 829 736 954; x_wconf 89' lang='lat' dir='ltr'><strong>qui</strong></span> <span class='ocrx_word' id='word_1_6' title='bbox 767 855 921 920; x_wconf 83' lang='lat' dir='ltr'><strong>aarum</strong></span> <span class='ocrx_word' id='word_1_7' title='bbox 953 823 1435 950; x_wconf 84' lang='lat' dir='ltr'><strong>cognitioneminime</strong></span> <span class='ocrx_word' id='word_1_8' title='bbox 1463 821 1674 918; x_wconf 85' lang='lat' dir='ltr'><strong>omnium</strong></span> <span class='ocrx_word' id='word_1_9' title='bbox 1704 816 2122 954; x_wconf 74' lang='lat' dir='ltr'><strong>supersederepos.</strong></span> 
     </span>
     <span class='ocr_line' id='line_1_3' title="bbox 449 985 2120 1118; baseline -0.011 -26"><span class='ocrx_word' id='word_1_10' title='bbox 449 1000 555 1092; x_wconf 78' lang='lat' dir='ltr'><strong>sint.</strong></span> <span class='ocrx_word' id='word_1_11' title='bbox 605 997 755 1118; x_wconf 83' lang='lat' dir='ltr'><strong>Atque</strong></span> <span class='ocrx_word' id='word_1_12' title='bbox 777 993 892 1086; x_wconf 90' lang='lat' dir='ltr'><strong>adeo</strong></span> <span class='ocrx_word' id='word_1_13' title='bbox 912 1009 1020 1085; x_wconf 89' lang='lat' dir='ltr'><strong>sunt</strong></span> <span class='ocrx_word' id='word_1_14' title='bbox 1033 993 1153 1082; x_wconf 86' lang='lat' dir='ltr'><strong>inter</strong></span> <span class='ocrx_word' id='word_1_15' title='bbox 1175 1017 1276 1096; x_wconf 81' lang='lat' dir='ltr'><strong>eos,</strong></span> <span class='ocrx_word' id='word_1_16' title='bbox 1301 987 1387 1110; x_wconf 85' lang='lat' dir='ltr'><strong>-qui</strong></span> <span class='ocrx_word' id='word_1_17' title='bbox 1412 989 1796 1080; x_wconf 82' lang='lat' dir='ltr'><strong>intricatissimum</strong></span> <span class='ocrx_word' id='word_1_18' title='bbox 1815 985 1909 1080; x_wconf 92' lang='lat' dir='ltr'><strong>hoc</strong></span> <span class='ocrx_word' id='word_1_19' title='bbox 1932 993 2120 1118; x_wconf 77' lang='lat' dir='ltr'><strong>scriptu</strong></span> 
     </span>
     <span class='ocr_line' id='line_1_4' title="bbox 451 1143 2192 1288; baseline -0.003 -36"><span class='ocrx_word' id='word_1_20' title='bbox 451 1193 528 1254; x_wconf 82' lang='lat' dir='ltr'><strong>roe</strong></span> <span class='ocrx_word' id='word_1_21' title='bbox 559 1193 722 1288; x_wconf 83' lang='lat' dir='ltr'><strong>genus,</strong></span> <span class='ocrx_word' id='word_1_22' title='bbox 738 1213 743 1220; x_wconf 95' lang='lat'>·</span> <span class='ocrx_word' id='word_1_23' title='bbox 759 1161 980 1282; x_wconf 88' lang='lat' dir='ltr'><strong>quoniam</strong></span> <span class='ocrx_word' id='word_1_24' title='bbox 1006 1187 1106 1246; x_wconf 87' lang='lat' dir='ltr'><strong>non</strong></span> <span class='ocrx_word' id='word_1_25' title='bbox 1141 1171 1333 1260; x_wconf 88' lang='lat' dir='ltr'><strong>norunt,</strong></span> <span class='ocrx_word' id='word_1_26' title='bbox 1368 1143 1597 1276; x_wconf 79' lang='lat' dir='ltr'><strong>tamqnam</strong></span> <span class='ocrx_word' id='word_1_27' title='bbox 1622 1157 1834 1280; x_wconf 85' lang='lat' dir='ltr'><strong>ignotum</strong></span> <span class='ocrx_word' id='word_1_28' title='bbox 1859 1153 2120 1272; x_wconf 81' lang='lat' dir='ltr'><strong>hominem,</strong></span> <span class='ocrx_word' id='word_1_29' title='bbox 2184 1221 2192 1232; x_wconf 82' lang='lat'><em>-</em></span> 
     </span>
     <span class='ocr_line' id='line_1_5' title="bbox 451 1319 2144 1446; baseline -0.001 -26"><span class='ocrx_word' id='word_1_30' title='bbox 451 1329 587 1420; x_wconf 84' lang='lat' dir='ltr'><strong>inviti</strong></span> <span class='ocrx_word' id='word_1_31' title='bbox 610 1345 901 1446; x_wconf 85' lang='lat' dir='ltr'><strong>praetereant</strong></span> <span class='ocrx_word' id='word_1_32' title='bbox 967 1324 1083 1418; x_wconf 84' lang='lat' dir='ltr'><strong>Sunt</strong></span> <span class='ocrx_word' id='word_1_33' title='bbox 1110 1345 1219 1412; x_wconf 80' lang='lat' dir='ltr'><strong>vero</strong></span> <span class='ocrx_word' id='word_1_34' title='bbox 1245 1320 1342 1426; x_wconf 83' lang='lat' dir='ltr'><strong>elii,</strong></span> <span class='ocrx_word' id='word_1_35' title='bbox 1370 1319 1452 1440; x_wconf 90' lang='lat' dir='ltr'><strong>qui</strong></span> <span class='ocrx_word' id='word_1_36' title='bbox 1474 1321 1527 1408; x_wconf 85' lang='lat' dir='ltr'><strong>in</strong></span> <span class='ocrx_word' id='word_1_37' title='bbox 1552 1321 1719 1410; x_wconf 89' lang='lat' dir='ltr'><strong>misero</strong></span> <span class='ocrx_word' id='word_1_38' title='bbox 1740 1321 2028 1440; x_wconf 77' lang='lat' dir='ltr'><strong>acquiescant</strong></span> <span class='ocrx_word' id='word_1_39' title='bbox 2054 1357 2144 1418; x_wconf 81' lang='lat' dir='ltr'><strong>so·-</strong></span> 
     </span>
     <span class='ocr_line' id='line_1_6' title="bbox 452 1467 2124 1599; baseline 0.002 -16"><span class='ocrx_word' id='word_1_40' title='bbox 452 1493 582 1599; x_wconf 80' lang='lat' dir='ltr'><strong>latio,</strong></span> <span class='ocrx_word' id='word_1_41' title='bbox 612 1493 801 1582; x_wconf 87' lang='lat' dir='ltr'><strong>nonnisi</strong></span> <span class='ocrx_word' id='word_1_42' title='bbox 826 1487 1195 1578; x_wconf 79' lang='lat' dir='ltr'><strong>cancellariorum</strong></span> <span class='ocrx_word' id='word_1_43' title='bbox 1218 1484 1534 1574; x_wconf 77' lang='lat' dir='ltr'><strong>annotationes</strong></span> <span class='ocrx_word' id='word_1_44' title='bbox 1560 1483 1644 1573; x_wconf 88' lang='lat' dir='ltr'><strong>sub</strong></span> <span class='ocrx_word' id='word_1_45' title='bbox 1670 1483 1894 1598; x_wconf 83' lang='lat' dir='ltr'><strong>ejusmodi</strong></span> <span class='ocrx_word' id='word_1_46' title='bbox 1919 1491 2043 1584; x_wconf 85' lang='lat' dir='ltr'><strong>notis</strong></span> <span class='ocrx_word' id='word_1_47' title='bbox 2063 1467 2124 1586; x_wconf 85' lang='lat' dir='ltr'><strong>la·</strong></span> 
     </span>
     <span class='ocr_line' id='line_1_7' title="bbox 451 1645 2120 1779; baseline 0 -34"><span class='ocrx_word' id='word_1_48' title='bbox 451 1671 561 1763; x_wconf 85' lang='lat' dir='ltr'><strong>tere,</strong></span> <span class='ocrx_word' id='word_1_49' title='bbox 583 1685 692 1776; x_wconf 86' lang='lat' dir='ltr'><strong>quas</strong></span> <span class='ocrx_word' id='word_1_50' title='bbox 713 1655 847 1746; x_wconf 90' lang='lat' dir='ltr'><strong>liceat</strong></span> <span class='ocrx_word' id='word_1_51' title='bbox 863 1655 1056 1770; x_wconf 88' lang='lat' dir='ltr'><strong>impune</strong></span> <span class='ocrx_word' id='word_1_52' title='bbox 1067 1652 1276 1774; x_wconf 81' lang='lat' dir='ltr'><strong>ignorare</strong></span> <span class='ocrx_word' id='word_1_53' title='bbox 1291 1645 1524 1768; x_wconf 77' lang='lat' dir='ltr'><strong>(Schmidt</strong></span> <span class='ocrx_word' id='word_1_54' title='bbox 1537 1647 1807 1742; x_wconf 76' lang='lat' dir='ltr'><strong>Phiseldeclr</strong></span> <span class='ocrx_word' id='word_1_55' title='bbox 1827 1681 1872 1772; x_wconf 85' lang='lat' dir='ltr'><strong>p.</strong></span> <span class='ocrx_word' id='word_1_56' title='bbox 1884 1651 1954 1746; x_wconf 81' lang='lat'><strong>56.</strong></span> <span class='ocrx_word' id='word_1_57' title='bbox 1979 1659 2120 1779; x_wconf 60' lang='lat' dir='ltr'><strong>§.iffi</strong></span> 
     </span>
     <span class='ocr_line' id='line_1_8' title="bbox 453 1811 2126 1948; baseline -0.004 -36"><span class='ocrx_word' id='word_1_58' title='bbox 453 1820 586 1948; x_wconf 82' lang='lat' dir='ltr'><strong>Quid</strong></span> <span class='ocrx_word' id='word_1_59' title='bbox 607 1819 704 1913; x_wconf 72' lang='lat' dir='ltr'><strong>irat</strong></span> <span class='ocrx_word' id='word_1_60' title='bbox 730 1822 858 1932; x_wconf 81' lang='lat' dir='ltr'><strong>Num</strong></span> <span class='ocrx_word' id='word_1_61' title='bbox 879 1815 1006 1938; x_wconf 87' lang='lat' dir='ltr'><strong>quod</strong></span> <span class='ocrx_word' id='word_1_62' title='bbox 1024 1847 1122 1904; x_wconf 86' lang='lat' dir='ltr'><strong>non</strong></span> <span class='ocrx_word' id='word_1_63' title='bbox 1146 1815 1414 1937; x_wconf 86' lang='lat' dir='ltr'><strong>intelligitur</strong></span> <span class='ocrx_word' id='word_1_64' title='bbox 1431 1815 1560 1933; x_wconf 80' lang='lat' dir='ltr'><strong>parvi</strong></span> <span class='ocrx_word' id='word_1_65' title='bbox 1579 1811 1783 1932; x_wconf 86' lang='lat' dir='ltr'><strong>pendere</strong></span> <span class='ocrx_word' id='word_1_66' title='bbox 1801 1813 1967 1916; x_wconf 72' lang='lat' dir='ltr'><strong>decet-‘2</strong></span> <span class='ocrx_word' id='word_1_67' title='bbox 1994 1826 2126 1917; x_wconf 87' lang='lat' dir='ltr'><strong>Non.</strong></span> 
     </span>
     <span class='ocr_line' id='line_1_9' title="bbox 454 1975 2124 2102; baseline -0.004 -26"><span class='ocrx_word' id='word_1_68' title='bbox 454 2013 518 2076; x_wconf 87' lang='lat' dir='ltr'><strong>ne</strong></span> <span class='ocrx_word' id='word_1_69' title='bbox 538 1987 802 2075; x_wconf 88' lang='lat' dir='ltr'><strong>erubescant</strong></span> <span class='ocrx_word' id='word_1_70' title='bbox 827 1984 910 2071; x_wconf 84' lang='lat' dir='ltr'><strong>arti</strong></span> <span class='ocrx_word' id='word_1_71' title='bbox 925 1979 1239 2102; x_wconf 83' lang='lat' dir='ltr'><strong>diplomaticae</strong></span> <span class='ocrx_word' id='word_1_72' title='bbox 1262 1975 1423 2083; x_wconf 84' lang='lat' dir='ltr'><strong>dediti,</strong></span> <span class='ocrx_word' id='word_1_73' title='bbox 1451 1975 1697 2098; x_wconf 83' lang='lat' dir='ltr'><strong>diplomata</strong></span> <span class='ocrx_word' id='word_1_74' title='bbox 1711 1975 1880 2072; x_wconf 83' lang='lat' dir='ltr'><strong>habers</strong></span> <span class='ocrx_word' id='word_1_75' title='bbox 1897 2005 2001 2077; x_wconf 89' lang='lat' dir='ltr'><strong>ante</strong></span> <span class='ocrx_word' id='word_1_76' title='bbox 2019 2021 2124 2084; x_wconf 81' lang='lat' dir='ltr'><strong>ceu.</strong></span> 
     </span>
     <span class='ocr_line' id='line_1_10' title="bbox 456 2141 2124 2272; baseline -0.001 -33"><span class='ocrx_word' id='word_1_77' title='bbox 456 2149 547 2264; x_wconf 80' lang='lat' dir='ltr'><strong>los,</strong></span> <span class='ocrx_word' id='word_1_78' title='bbox 577 2180 690 2271; x_wconf 83' lang='lat' dir='ltr'><strong>quae</strong></span> <span class='ocrx_word' id='word_1_79' title='bbox 713 2180 797 2269; x_wconf 87' lang='lat' dir='ltr'><strong>per</strong></span> <span class='ocrx_word' id='word_1_80' title='bbox 823 2147 1096 2268; x_wconf 83' lang='lat' dir='ltr'><strong>imperitiam</strong></span> <span class='ocrx_word' id='word_1_81' title='bbox 1118 2161 1211 2232; x_wconf 87' lang='lat' dir='ltr'><strong>tota</strong></span> <span class='ocrx_word' id='word_1_82' title='bbox 1229 2143 1379 2266; x_wconf 83' lang='lat' dir='ltr'><strong>legere</strong></span> <span class='ocrx_word' id='word_1_83' title='bbox 1399 2173 1499 2231; x_wconf 82' lang='lat' dir='ltr'><strong>nora</strong></span> <span class='ocrx_word' id='word_1_84' title='bbox 1522 2141 1731 2262; x_wconf 78' lang='lat' dir='ltr'><strong>possint?</strong></span> <span class='ocrx_word' id='word_1_85' title='bbox 1760 2142 1914 2254; x_wconf 83' lang='lat' dir='ltr'><strong>Certe,</strong></span> <span class='ocrx_word' id='word_1_86' title='bbox 1944 2156 2026 2272; x_wconf 84' lang='lat' dir='ltr'><strong>qui</strong></span> <span class='ocrx_word' id='word_1_87' title='bbox 2043 2189 2124 2249; x_wconf 87' lang='lat' dir='ltr'><strong>no·</strong></span> 
     </span>
     <span class='ocr_line' id='line_1_11' title="bbox 455 2309 2123 2434; baseline 0.002 -32"><span class='ocrx_word' id='word_1_88' title='bbox 455 2325 604 2402; x_wconf 87' lang='lat' dir='ltr'><strong>tarum</strong></span> <span class='ocrx_word' id='word_1_89' title='bbox 627 2311 939 2434; x_wconf 82' lang='lat' dir='ltr'><strong>cognitionem</strong></span> <span class='ocrx_word' id='word_1_90' title='bbox 961 2309 1171 2400; x_wconf 88' lang='lat' dir='ltr'><strong>inutilem</strong></span> <span class='ocrx_word' id='word_1_91' title='bbox 1199 2309 1251 2397; x_wconf 89' lang='lat' dir='ltr'><strong>in</strong></span> <span class='ocrx_word' id='word_1_92' title='bbox 1277 2327 1369 2398; x_wconf 84' lang='lat' dir='ltr'><strong>arte</strong></span> <span class='ocrx_word' id='word_1_93' title='bbox 1394 2309 1470 2397; x_wconf 84' lang='lat' dir='ltr'><strong>illa</strong></span> <span class='ocrx_word' id='word_1_94' title='bbox 1502 2337 1596 2400; x_wconf 88' lang='lat' dir='ltr'><strong>esse</strong></span> <span class='ocrx_word' id='word_1_95' title='bbox 1619 2327 1789 2398; x_wconf 88' lang='lat' dir='ltr'><strong>temere</strong></span> <span class='ocrx_word' id='word_1_96' title='bbox 1810 2329 2032 2426; x_wconf 79' lang='lat' dir='ltr'><strong>statuum,</strong></span> <span class='ocrx_word' id='word_1_97' title='bbox 2059 2351 2123 2414; x_wconf 77' lang='lat' dir='ltr'><strong>no</strong></span> 
     </span>
     <span class='ocr_line' id='line_1_12' title="bbox 456 2451 2243 2608; baseline 0.002 -40"><span class='ocrx_word' id='word_1_98' title='bbox 456 2478 741 2597; x_wconf 82' lang='lat' dir='ltr'><strong>suspicantur</strong></span> <span class='ocrx_word' id='word_1_99' title='bbox 755 2473 964 2597; x_wconf 89' lang='lat' dir='ltr'><strong>quidem,</strong></span> <span class='ocrx_word' id='word_1_100' title='bbox 994 2472 1159 2596; x_wconf 76' lang='lat' dir='ltr'><strong>qraibus</strong></span> <span class='ocrx_word' id='word_1_101' title='bbox 1180 2471 1406 2566; x_wconf 70' lang='lat' dir='ltr'><strong>ausoribus</strong></span> <span class='ocrx_word' id='word_1_102' title='bbox 1422 2473 1513 2564; x_wconf 90' lang='lat' dir='ltr'><strong>sint</strong></span> <span class='ocrx_word' id='word_1_103' title='bbox 1534 2451 1756 2586; x_wconf 55' lang='lat' dir='ltr'><strong>obnoxiu¹</strong></span> <span class='ocrx_word' id='word_1_104' title='bbox 1786 2475 1929 2595; x_wconf 80' lang='lat' dir='ltr'><strong>qualis</strong></span> <span class='ocrx_word' id='word_1_105' title='bbox 1946 2499 2013 2571; x_wconf 89' lang='lat' dir='ltr'><strong>est</strong></span> <span class='ocrx_word' id='word_1_106' title='bbox 2033 2515 2070 2572; x_wconf 85' lang='lat' dir='ltr'><strong>e.</strong></span> <span class='ocrx_word' id='word_1_107' title='bbox 2079 2519 2123 2608; x_wconf 85' lang='lat' dir='ltr'><strong>g.</strong></span> <span class='ocrx_word' id='word_1_108' title='bbox 2237 2517 2243 2526; x_wconf 91' lang='lat'><strong>·</strong></span> 
     </span>
    </p>
   </div>
   <div class='ocr_carea' id='block_1_2' title="bbox 457 2633 2126 2936">
    <p class='ocr_par' dir='ltr' id='par_1_2' title="bbox 457 2633 2126 2936">
     <span class='ocr_line' id='line_1_13' title="bbox 460 2633 2124 2769; baseline 0.001 -38"><span class='ocrx_word' id='word_1_109' title='bbox 460 2641 575 2752; x_wconf 83' lang='lat' dir='ltr'><strong>ejus,</strong></span> <span class='ocrx_word' id='word_1_110' title='bbox 599 2641 685 2762; x_wconf 79' lang='lat' dir='ltr'><strong>qui</strong></span> <span class='ocrx_word' id='word_1_111' title='bbox 706 2640 843 2730; x_wconf 90' lang='lat' dir='ltr'><strong>nobis</strong></span> <span class='ocrx_word' id='word_1_112' title='bbox 866 2634 1136 2758; x_wconf 79' lang='lat' dir='ltr'><strong>persuadere</strong></span> <span class='ocrx_word' id='word_1_113' title='bbox 1159 2654 1372 2756; x_wconf 74' lang='lat' dir='ltr'><strong>conatur,</strong></span> <span class='ocrx_word' id='word_1_114' title='bbox 1405 2633 1565 2760; x_wconf 81' lang='lat' dir='ltr'><strong>Signa</strong></span> <span class='ocrx_word' id='word_1_115' title='bbox 1594 2633 1992 2732; x_wconf 71' lang='lat' dir='ltr'><strong>cancellariorum</strong></span> <span class='ocrx_word' id='word_1_116' title='bbox 2016 2675 2124 2769; x_wconf 60' lang='lat' dir='ltr'><strong>perr.</strong></span> 
     </span>
     <span class='ocr_line' id='line_1_14' title="bbox 457 2797 2126 2936; baseline -0.001 -42"><span class='ocrx_word' id='word_1_117' title='bbox 457 2831 629 2924; x_wconf 82' lang='lat' dir='ltr'><strong>peram</strong></span> <span class='ocrx_word' id='word_1_118' title='bbox 657 2799 906 2922; x_wconf 79' lang='lat' dir='ltr'><strong>appellari</strong></span> <span class='ocrx_word' id='word_1_119' title='bbox 932 2797 1305 2922; x_wconf 81' lang='lat' dir='ltr'><strong>Ilecognitionis,</strong></span> <span class='ocrx_word' id='word_1_120' title='bbox 1345 2800 1576 2926; x_wconf 81' lang='lat' dir='ltr'><strong>quoniam</strong></span> <span class='ocrx_word' id='word_1_121' title='bbox 1605 2806 1889 2926; x_wconf 76' lang='lat' dir='ltr'><strong>neutiquam</strong></span> <span class='ocrx_word' id='word_1_122' title='bbox 1921 2815 2126 2936; x_wconf 84' lang='lat' dir='ltr'><strong>recogni.</strong></span> 
     </span>
    </p>
   </div>
   <div class='ocr_carea' id='block_1_3' title="bbox 459 2959 2151 4762">
    <p class='ocr_par' dir='ltr' id='par_1_3' title="bbox 459 2959 2151 3921">
     <span class='ocr_line' id='line_1_15' title="bbox 461 2959 2151 3102; baseline 0.008 -46"><span class='ocrx_word' id='word_1_123' title='bbox 461 2967 661 3074; x_wconf 82' lang='lat' dir='ltr'><strong>tionem,</strong></span> <span class='ocrx_word' id='word_1_124' title='bbox 698 2965 787 3058; x_wconf 84' lang='lat' dir='ltr'><strong>sed</strong></span> <span class='ocrx_word' id='word_1_125' title='bbox 815 2963 1195 3085; x_wconf 86' lang='lat' dir='ltr'><strong>subscriptionem</strong></span> <span class='ocrx_word' id='word_1_126' title='bbox 1219 2959 1501 3054; x_wconf 74' lang='lat' dir='ltr'><strong>chartarum</strong></span> <span class='ocrx_word' id='word_1_127' title='bbox 1538 2962 1845 3094; x_wconf 79' lang='lat' dir='ltr'><strong>significent,</strong></span> <span class='ocrx_word' id='word_1_128' title='bbox 1887 2975 2151 3102; x_wconf 76' lang='lat' dir='ltr'><strong>siquidem</strong></span> 
     </span>
     <span class='ocr_line' id='line_1_16' title="bbox 459 3123 2125 3262; baseline 0.007 -41"><span class='ocrx_word' id='word_1_129' title='bbox 459 3151 723 3257; x_wconf 76' lang='lat' dir='ltr'><strong>nrauqtram</strong></span> <span class='ocrx_word' id='word_1_130' title='bbox 753 3142 1017 3262; x_wconf 68' lang='lat' dir='ltr'><strong>rearmatur</strong></span> <span class='ocrx_word' id='word_1_131' title='bbox 1039 3123 1237 3222; x_wconf 82' lang='lat' dir='ltr'><strong>verbum</strong></span> <span class='ocrx_word' id='word_1_132' title='bbox 1266 3129 1626 3256; x_wconf 80' lang='lat' dir='ltr'><strong>Recognoai,</strong></span> <span class='ocrx_word' id='word_1_133' title='bbox 1651 3131 1741 3222; x_wconf 84' lang='lat' dir='ltr'><strong>sed</strong></span> <span class='ocrx_word' id='word_1_134' title='bbox 1761 3127 1963 3228; x_wconf 75' lang='lat' dir='ltr'><strong>verbum</strong></span> <span class='ocrx_word' id='word_1_135' title='bbox 1995 3137 2125 3242; x_wconf 74' lang='lat' dir='ltr'><strong>Sub.</strong></span> 
     </span>
     <span class='ocr_line' id='line_1_17' title="bbox 459 3294 2128 3424; baseline 0.004 -30"><span class='ocrx_word' id='word_1_136' title='bbox 459 3303 682 3424; x_wconf 77' lang='lat' dir='ltr'><strong>scripsi</strong></span> <span class='ocrx_word' id='word_1_137' title='bbox 706 3299 935 3413; x_wconf 80' lang='lat' dir='ltr'><strong>(Schmidt</strong></span> <span class='ocrx_word' id='word_1_138' title='bbox 955 3295 1151 3390; x_wconf 87' lang='lat' dir='ltr'><strong>Phiseld.</strong></span> <span class='ocrx_word' id='word_1_139' title='bbox 1170 3327 1215 3416; x_wconf 88' lang='lat' dir='ltr'><strong>p.</strong></span> <span class='ocrx_word' id='word_1_140' title='bbox 1229 3296 1320 3386; x_wconf 73' lang='lat'><strong>133.</strong></span> <span class='ocrx_word' id='word_1_141' title='bbox 1341 3294 1381 3414; x_wconf 59' lang='grc' dir='ltr'><strong>ᾗ.</strong></span> <span class='ocrx_word' id='word_1_142' title='bbox 1393 3301 1515 3409; x_wconf 76' lang='lat' dir='ltr'><strong>eoo).</strong></span> <span class='ocrx_word' id='word_1_143' title='bbox 1585 3297 1767 3396; x_wconf 84' lang='lat' dir='ltr'><strong>Scilicet</strong></span> <span class='ocrx_word' id='word_1_144' title='bbox 1788 3331 1888 3392; x_wconf 90' lang='lat' dir='ltr'><strong>non</strong></span> <span class='ocrx_word' id='word_1_145' title='bbox 1908 3301 2128 3401; x_wconf 86' lang='lat' dir='ltr'><strong>didicerat</strong></span> 
     </span>
     <span class='ocr_line' id='line_1_18' title="bbox 461 3407 2127 3600; baseline -0.001 -40"><span class='ocrx_word' id='word_1_146' title='bbox 461 3467 533 3560; x_wconf 75' lang='lat' dir='ltr'><strong>vir</strong></span> <span class='ocrx_word' id='word_1_147' title='bbox 553 3463 735 3572; x_wconf 87' lang='lat' dir='ltr'><strong>doctus,</strong></span> <span class='ocrx_word' id='word_1_148' title='bbox 764 3463 877 3587; x_wconf 90' lang='lat' dir='ltr'><strong>quid</strong></span> <span class='ocrx_word' id='word_1_149' title='bbox 898 3465 986 3554; x_wconf 91' lang='lat' dir='ltr'><strong>sibi</strong></span> <span class='ocrx_word' id='word_1_150' title='bbox 1008 3465 1117 3554; x_wconf 88' lang='lat' dir='ltr'><strong>velit</strong></span> <span class='ocrx_word' id='word_1_151' title='bbox 1137 3481 1246 3553; x_wconf 80' lang='lat' dir='ltr'><strong>nota</strong></span> <span class='ocrx_word' id='word_1_152' title='bbox 1272 3407 1431 3600; x_wconf 42' lang='lat' dir='ltr'><strong>spi&amp;</strong></span> <span class='ocrx_word' id='word_1_153' title='bbox 1460 3461 1556 3550; x_wconf 85' lang='lat' dir='ltr'><strong>sive</strong></span> <span class='ocrx_word' id='word_1_154' title='bbox 1592 3453 1772 3571; x_wconf 65' lang='grc' dir='ltr'><strong>ΝΜ,</strong></span> <span class='ocrx_word' id='word_1_155' title='bbox 1811 3499 1927 3588; x_wconf 87' lang='lat' dir='ltr'><strong>quae</strong></span> <span class='ocrx_word' id='word_1_156' title='bbox 1953 3471 2005 3560; x_wconf 89' lang='lat' dir='ltr'><strong>in</strong></span> <span class='ocrx_word' id='word_1_157' title='bbox 2034 3505 2127 3564; x_wconf 80' lang='lat' dir='ltr'><strong>om.</strong></span> 
     </span>
     <span class='ocr_line' id='line_1_19' title="bbox 462 3624 2126 3763; baseline 0.004 -45"><span class='ocrx_word' id='word_1_158' title='bbox 462 3629 599 3735; x_wconf 79' lang='lat' dir='ltr'><strong>uibus</strong></span> <span class='ocrx_word' id='word_1_159' title='bbox 627 3632 721 3720; x_wconf 86' lang='lat' dir='ltr'><strong>fore</strong></span> <span class='ocrx_word' id='word_1_160' title='bbox 748 3629 835 3720; x_wconf 86' lang='lat' dir='ltr'><strong>illis</strong></span> <span class='ocrx_word' id='word_1_161' title='bbox 863 3629 1003 3752; x_wconf 81' lang='lat' dir='ltr'><strong>signia</strong></span> <span class='ocrx_word' id='word_1_162' title='bbox 1038 3628 1284 3750; x_wconf 83' lang='lat' dir='ltr'><strong>conspicua</strong></span> <span class='ocrx_word' id='word_1_163' title='bbox 1311 3645 1404 3733; x_wconf 85' lang='lat' dir='ltr'><strong>cst,</strong></span> <span class='ocrx_word' id='word_1_164' title='bbox 1459 3645 1503 3716; x_wconf 90' lang='lat' dir='ltr'><strong>et</strong></span> <span class='ocrx_word' id='word_1_165' title='bbox 1529 3624 1680 3750; x_wconf 90' lang='lat' dir='ltr'><strong>ipsum</strong></span> <span class='ocrx_word' id='word_1_166' title='bbox 1709 3629 1824 3720; x_wconf 91' lang='lat' dir='ltr'><strong>illud</strong></span> <span class='ocrx_word' id='word_1_167' title='bbox 1855 3631 2126 3763; x_wconf 80' lang='lat' dir='ltr'><strong>Recognoci</strong></span> 
     </span>
     <span class='ocr_line' id='line_1_20' title="bbox 461 3796 699 3921; baseline 0.021 -38"><span class='ocrx_word' id='word_1_168' title='bbox 461 3796 699 3921; x_wconf 75' lang='lat' dir='ltr'><strong>significat.</strong></span> 
     </span>
    </p>

    <p class='ocr_par' dir='ltr' id='par_1_4' title="bbox 462 3957 2141 4762">
     <span class='ocr_line' id='line_1_21' title="bbox 462 3957 2127 4088; baseline 0.002 -33"><span class='ocrx_word' id='word_1_169' title='bbox 462 4045 468 4062; x_wconf 20' lang='grc' dir='ltr'><em>ἢ</em></span> <span class='ocrx_word' id='word_1_170' title='bbox 509 4045 512 4054; x_wconf 93' lang='grc'><em>,</em></span> <span class='ocrx_word' id='word_1_171' title='bbox 578 3961 620 4082; x_wconf 66' lang='lat' dir='ltr'><strong>d.</strong></span> <span class='ocrx_word' id='word_1_172' title='bbox 650 3960 747 4055; x_wconf 77' lang='lat'><strong>383.</strong></span> <span class='ocrx_word' id='word_1_173' title='bbox 799 3959 891 4053; x_wconf 83' lang='lat' dir='ltr'><strong>Sed</strong></span> <span class='ocrx_word' id='word_1_174' title='bbox 911 3961 1211 4086; x_wconf 82' lang='lat' dir='ltr'><strong>multomagis</strong></span> <span class='ocrx_word' id='word_1_175' title='bbox 1229 3963 1363 4054; x_wconf 87' lang='lat' dir='ltr'><strong>etiam</strong></span> <span class='ocrx_word' id='word_1_176' title='bbox 1383 3957 1674 4083; x_wconf 85' lang='lat' dir='ltr'><strong>vituperandi</strong></span> <span class='ocrx_word' id='word_1_177' title='bbox 1699 3983 1824 4070; x_wconf 84' lang='lat' dir='ltr'><strong>sunt,</strong></span> <span class='ocrx_word' id='word_1_178' title='bbox 1853 3966 1955 4086; x_wconf 75' lang='lat' dir='ltr'><strong>quui,</strong></span> <span class='ocrx_word' id='word_1_179' title='bbox 1985 3997 2127 4088; x_wconf 88' lang='lat' dir='ltr'><strong>quum</strong></span> 
     </span>
     <span class='ocr_line' id='line_1_22' title="bbox 463 4125 2128 4253; baseline 0 -31"><span class='ocrx_word' id='word_1_180' title='bbox 463 4149 675 4222; x_wconf 85' lang='lat' dir='ltr'><strong>notarum</strong></span> <span class='ocrx_word' id='word_1_181' title='bbox 695 4129 829 4222; x_wconf 86' lang='lat' dir='ltr'><strong>rudes</strong></span> <span class='ocrx_word' id='word_1_182' title='bbox 847 4151 980 4252; x_wconf 77' lang='lat' dir='ltr'><strong>atque</strong></span> <span class='ocrx_word' id='word_1_183' title='bbox 1001 4131 1149 4253; x_wconf 85' lang='lat' dir='ltr'><strong>ignari</strong></span> <span class='ocrx_word' id='word_1_184' title='bbox 1166 4131 1276 4235; x_wconf 85' lang='lat' dir='ltr'><strong>sint,</strong></span> <span class='ocrx_word' id='word_1_185' title='bbox 1300 4125 1351 4218; x_wconf 87' lang='lat' dir='ltr'><strong>id</strong></span> <span class='ocrx_word' id='word_1_186' title='bbox 1370 4147 1530 4252; x_wconf 81' lang='lat' dir='ltr'><strong>agunt.</strong></span> <span class='ocrx_word' id='word_1_187' title='bbox 1558 4145 1611 4216; x_wconf 89' lang='lat' dir='ltr'><strong>ut</strong></span> <span class='ocrx_word' id='word_1_188' title='bbox 1628 4126 1749 4218; x_wconf 86' lang='lat' dir='ltr'><strong>hanc</strong></span> <span class='ocrx_word' id='word_1_189' title='bbox 1768 4131 2035 4248; x_wconf 88' lang='lat' dir='ltr'><strong>scripturam</strong></span> <span class='ocrx_word' id='word_1_190' title='bbox 2055 4129 2128 4224; x_wconf 70' lang='lat' dir='ltr'><strong>de.</strong></span> 
     </span>
     <span class='ocr_line' id='line_1_23' title="bbox 462 4268 2129 4407; baseline -0.004 -15"><span class='ocrx_word' id='word_1_191' title='bbox 462 4315 654 4392; x_wconf 79' lang='lat' dir='ltr'><strong>tractent</strong></span> <span class='ocrx_word' id='word_1_192' title='bbox 677 4315 721 4387; x_wconf 91' lang='lat' dir='ltr'><strong>et</strong></span> <span class='ocrx_word' id='word_1_193' title='bbox 746 4317 1049 4388; x_wconf 89' lang='lat' dir='ltr'><strong>contemnant.</strong></span> <span class='ocrx_word' id='word_1_194' title='bbox 1108 4268 1281 4388; x_wconf 87' lang='lat' dir='ltr'><strong>Nonne</strong></span> <span class='ocrx_word' id='word_1_195' title='bbox 1309 4295 1405 4407; x_wconf 90' lang='lat' dir='ltr'><strong>iure</strong></span> <span class='ocrx_word' id='word_1_196' title='bbox 1430 4295 1664 4400; x_wconf 87' lang='lat' dir='ltr'><strong>miremur,</strong></span> <span class='ocrx_word' id='word_1_197' title='bbox 1695 4293 2012 4388; x_wconf 88' lang='lat' dir='ltr'><strong>celeberrimae</strong></span> <span class='ocrx_word' id='word_1_198' title='bbox 2036 4327 2129 4388; x_wconf 67' lang='lat' dir='ltr'><strong>cca.</strong></span> 
     </span>
     <span class='ocr_line' id='line_1_24' title="bbox 464 4431 2141 4588; baseline -0.001 -32"><span class='ocrx_word' id='word_1_199' title='bbox 464 4463 642 4556; x_wconf 89' lang='lat' dir='ltr'><strong>demiae</strong></span> <span class='ocrx_word' id='word_1_200' title='bbox 665 4465 834 4558; x_wconf 88' lang='lat' dir='ltr'><strong>Boicae</strong></span> <span class='ocrx_word' id='word_1_201' title='bbox 859 4496 919 4554; x_wconf 88' lang='lat' dir='ltr'><strong>ne</strong></span> <span class='ocrx_word' id='word_1_202' title='bbox 942 4465 1085 4556; x_wconf 89' lang='lat' dir='ltr'><strong>ullum</strong></span> <span class='ocrx_word' id='word_1_203' title='bbox 1107 4463 1293 4586; x_wconf 89' lang='lat' dir='ltr'><strong>quidem</strong></span> <span class='ocrx_word' id='word_1_204' title='bbox 1315 4459 1515 4555; x_wconf 88' lang='lat' dir='ltr'><strong>sodalem</strong></span> <span class='ocrx_word' id='word_1_205' title='bbox 1537 4461 1698 4568; x_wconf 84' lang='lat' dir='ltr'><strong>fuisse,</strong></span> <span class='ocrx_word' id='word_1_206' title='bbox 1725 4491 1751 4550; x_wconf 87' lang='lat' dir='ltr'><strong>a</strong></span> <span class='ocrx_word' id='word_1_207' title='bbox 1780 4492 1874 4584; x_wconf 91' lang='lat' dir='ltr'><strong>quo</strong></span> <span class='ocrx_word' id='word_1_208' title='bbox 1895 4467 1944 4554; x_wconf 92' lang='lat' dir='ltr'><strong>P.</strong></span> <span class='ocrx_word' id='word_1_209' title='bbox 1957 4431 2141 4588; x_wconf 72' lang='lat' dir='ltr'><strong>Grego.&#39;</strong></span> 
     </span>
     <span class='ocr_line' id='line_1_25' title="bbox 465 4623 2131 4762; baseline 0.001 -44"><span class='ocrx_word' id='word_1_210' title='bbox 465 4623 561 4718; x_wconf 83' lang='lat' dir='ltr'><strong>tius</strong></span> <span class='ocrx_word' id='word_1_211' title='bbox 578 4627 729 4748; x_wconf 86' lang='lat' dir='ltr'><strong>Geyer</strong></span> <span class='ocrx_word' id='word_1_212' title='bbox 749 4629 934 4721; x_wconf 86' lang='lat' dir='ltr'><strong>meliora</strong></span> <span class='ocrx_word' id='word_1_213' title='bbox 955 4627 1242 4762; x_wconf 58' lang='lat' dir='ltr'><strong>edoceretur.</strong></span> <span class='ocrx_word' id='word_1_214' title='bbox 1269 4649 1415 4752; x_wconf 86' lang='lat' dir='ltr'><strong>quum</strong></span> <span class='ocrx_word' id='word_1_215' title='bbox 1434 4630 1486 4718; x_wconf 90' lang='lat' dir='ltr'><strong>in</strong></span> <span class='ocrx_word' id='word_1_216' title='bbox 1501 4628 1612 4749; x_wconf 90' lang='lat' dir='ltr'><strong>ipsis</strong></span> <span class='ocrx_word' id='word_1_217' title='bbox 1629 4627 1882 4722; x_wconf 85' lang='lat' dir='ltr'><strong>academiae</strong></span> <span class='ocrx_word' id='word_1_218' title='bbox 1902 4657 2131 4726; x_wconf 89' lang='lat' dir='ltr'><strong>commen·</strong></span> 
     </span>
    </p>
   </div>
   <div class='ocr_carea' id='block_1_4' title="bbox 0 0 2407 5924">
    <p class='ocr_par' dir='ltr' id='par_1_5' title="bbox 0 0 2407 5924">
     <span class='ocr_line' id='line_1_26' title="bbox 0 0 2407 5924; baseline 0 0"><span class='ocrx_word' id='word_1_219' title='bbox 0 0 2407 5924; x_wconf 95' lang='lat' dir='ltr'><strong> </strong></span> 
     </span>
    </p>
   </div>
  </div>
 </body>
</html>
