4826 5890
1104 627 1420 717 *124-

304 890 314 906 .
442 811 671 904 literarum
708 811 1031 923 conjunctione
1062 811 1248 899 fortuito
1279 816 1502 920 nascitur,
1537 819 1672 904 utin
1709 839 1860 912 nostra
1888 826 2116 952 tachygra-

441 977 555 1097 phia
578 980 787 1096 (scriptio
818 979 1005 1065 cursivo
1027 978 1171 1098 uulgo
1197 975 1487 1097 appellatur),
1516 977 1569 1066 in
1598 1011 1687 1100 qua
1714 983 1830 1070 sicut
1861 985 2037 1080 lancem
2063 999 2116 1082 in

443 1143 557 1231 libra
587 1141 867 1260 ponderibus
899 1141 1124 1259 impositis
1155 1139 1354 1258 deprimi
1387 1137 1620 1246 videmus,
1658 1144 1722 1229 ita
1740 1148 1904 1238 “literas
1939 1154 2116 1262 vicinis,

442 1331 711 1432 proutcum
733 1311 788 1397 iis
810 1310 1171 1430 conjungantur,
1201 1307 1387 1412 cedere,
1414 1309 1674 1426 variamque
1698 1307 1897 1426 speciem
1922 1313 2133 1406 induere·

445 1446 851 1592 deprehendimus,
881 1461 1055 1570 eadem
1069 1495 1220 1563 tamen
1236 1475 1307 1582 ui·
1333 1503 1386 1561 ac
1412 1493 1638 1592 potestate.
1648 1493 1882 1566 manente.
1949 1485 2116 1602 Neque

445 1673 543 1772 eam
572 1627 839 1761 respicimus
864 1644 1065 1733 innotis
1090 1637 1412 1743 diversitatem,
1446 1667 1585 1756 quam
1615 1629 1814 1754 postulat
1839 1638 2117 1736 diversarum
2253 1718 2266 1734 ..

441 1807 667 1896 literarum
685 1793 911 1910 conditio,
940 1834 1029 1924 qua
1053 1802 1208 1918 ac]
1233 1824 1298 1893 est
1322 1806 1526 1922 T,³quae
1553 1801 1712 1892 eadem
1733 1803 1897 1926 ligura,
1927 1809 2115 1925 paulum

444 1970 660 2058 inclinata
681 1969 790 2090 Ν,
821 1987 886 2057 est
906 1955 973 2088 Q,
999 1987 1083 2054 cm
1139 1967 1229 2056 Sed
1249 1969 1371 2058 illam
1389 1999 1515 2056 nunc
1537 1970 1707 2057 variam
1731 1973 1868 2060 nnius
1901 1972 2117 2085 ejusdem,-

447 2165 537 2256 que
566 2137 733 2222 formae
755 2133 1103 2221 inclinationem
1137 2129 1453 2248 explicandam
1488 2135 1726 2238 sumimus,
1756 2161 1871 2254 quae
1900 2133 1958 2224 de
1985 2137 2117 2234 indu,-

447 2303 549 2389 stria
580 2333 727 2420 eoque
756 2298 945 2398 consilio
982 2295 1242 2424 adhibetur,
1282 2316 1333 2399 ut
1362 2299 1457 2406 sola
1486 2285 1574 2404 hac
1601 2295 1851 2412 mutatione
1877 2302 1962 2408 alia
1989 2335 2116 2422 pror,-

446 2497 519 2558 sus
548 2489 753 2560 nascatur
783 2466 1064 2590 significatio,

561 2686 599 2800 ᾗ.
635 2683 725 2797 148.
790 2679 990 2794 Eosdem
1028 2678 1167 2802 'igitur
1203 2679 1255 2782 in
1287 2676 1407 2790 notis
1449 2674 1722 2788 characteres
1753 2643 1900 2792 niodo¹
1934 2658 2115 2782 videbis·

448 2809 642 2952 erectos,
674 2842 819 2934 ‘modo
851 2873 1021 2968 pronos
1030 2912 1042 2953 ,
1061 2815 1210 2948 ⁴modo
1239 2841 1629 2953 jacenteS‚‘modo
1665 2825 1945 2960 introrsum,
1970 2823 2113 2957 modo

446 2973 690 3120 retrorsum
725 2977 1001 3131 obliquatos,
1040 3005 1178 3112 modo
1207 2979 1408 3126 supinos.
1483 3009 1625 3122 ‚Cujus
1662 3005 1927 3127 diuersitans
1961 3019 2112 3136 plures

447 3206 540 3267 esse
566 3207 736 3282 causas,
764 3175 894 3302 facile
914 3173 1192 3293 intelligitur.
1237 3175 1302 3258 lta
1320 3191 1430 3270 nota
1468 3149 1554 3299 fs
1586 3220 1644 3246 τε
1665 3175 1805 3281 svtt,
1825 3199 1876 3266 ut
1895 3177 1979 3274 hac
1998 3205 2128 3300 utar,

446 3343 668 3464 significat
688 3337 845 3443 Samia
869 3339 989 3454 (54).
1054 3339 1166 3428 Eam
1195 3355 1343 3424 autem
1373 3337 1538 3454 ipsam,
1570 3339 1653 3427 etsi
1680 3341 1857 3455 syllabis
1881 3344 1955 3432 SV
1977 3367 2021 3434 et
2043 3351 2112 3445 IT

446 3526 638 3611 constat,
676 3504 733 3592 ad
763 3502 1016 3592 notandum
1054 3503 1243 3591 verbum
1275 3487 1385 3592 Sata
1418 3501 1608 3591 minime
1637 3501 1854 3593 adhibere
1887 3506 2014 3615 licet,
2045 3544 2110 3603 ne

446 3671 677 3792 duplicem
697 3701 789 3781 nna
813 3669 1061 3790 eademque
1084 3669 1374 3760 notalrabeat
1391 3670 1486 3758 vim
1511 3700 1563 3758 ac
1596 3689 1882 3789 potestatem,
1910 3671 2113 3795 indeque

447 3867 611 3955 anceps
635 3837 710 3924 fiat
726 3835 859 3948 hujus
881 3837 1051 3923 formae
1075 3835 1407 3954 interpretati03
1434 3863 1569 3954 quam
1594 3837 1674 3953 qui
1698 3835 1898 3955 effugere
1927 3815 2110 3933 student

444 4000 757 4121 tachygraphi,
787 4000 944 4091 eadem
966 3998 1154 4119 quidem·
1169 3997 1294 4114 litera
1320 3999 1372 4101 S,
1403 3998 1482 4087 sed
1508 4000 1671 4118 supina
1702 4015 1850 4164 ιφ
1885 3999 1943 4111 ad
1965 4008 2109 4124 expri.

446 4161 667 4254 mendum
694 4165 884 4254 verbum
920 4161 1031 4258 Suet
1049 4165 1182 4282 (136)
1214 4173 1414 4274 utuntur.
1520 4199 1524 4204 ·

555 4444 597 4565 ᾗ.
630 4469 721 4562 149.
778 4445 935 4535 Simile
959 4446 1070 4567 quid
1085 4453 1101 4553 ,'
1124 4449 1311 4538 minoris
1334 4465 1486 4534 tamen
1511 4449 1755 4553 momenti,
1784 4448 1988 4570 vulgaras
2016 4453 2108 4540 lto.

447 4637 684 4703 manorum
704 4607 842 4731 siglae
863 4607 1046 4703 habent.
1084 4616 1139 4704 In
1158 4613 1213 4701 iis
1235 4613 1358 4730 enim
1376 4612 1509 4704 ctiam
1526 4613 1800 4708 adhibentur
1816 4615 1970 4708 literae
1991 4649 2109 4710 aver·
