4722 5868
217 771 425 894 aptando.
507 768 575 858 Ac
611 767 819 884 priorum
850 765 1041 883 quidem
1066 767 1325 888 editionum
1354 770 1516 894 figuras
1544 769 1672 892 ligno
1699 746 1884 884 incisas,

218 938 496 1044 novissimis,
524 964 642 1054 quae
659 935 753 1026 aeri
774 933 1048 1052 insculptae,
1074 955 1122 1028 et
1136 967 1237 1026 non
1249 937 1342 1026 nisi
1358 933 1580 1028 imitando
1600 969 1658 1034 ex
1673 939 1760 1028 illis
1780 963 1887 1030 sunt

218 1131 480 1221 expressae,
507 1100 649 1222 longe
683 1095 1025 1219 anteponendas
1054 1132 1173 1205 esse,
1199 1129 1338 1218 supra
1356 1101 1418 1216 (ᾗ.
1440 1100 1519 1219 69)
1544 1097 1757 1194 diximus.
1808 1107 1887 1200 Ex

217 1269 526 1389 superioribus
545 1269 698 1390 ,igitur
728 1264 1009 1359 editionibus
1035 1265 1233 1384 diquam
1260 1264 1351 1354 sibi
1375 1283 1619 1380 comparet
1695 1267 1887 1370 Deinde

220 1465 364 1555 quum
387 1434 571 1526 Gruteri
588 1430 823 1525 thesaurus
839 1449 960 1538 totus
981 1461 1039 1524 oo
1064 1429 1123 1522 sit
1145 1427 1340 1563 ambitu,
1367 1460 1510 1549 eaque
1523 1429 1667 1550 mole,
1696 1453 1748 1522 ut
1769 1466 1888 1547 eom.

217 1598 356 1690 mode
380 1600 556 1688 tractari
573 1628 672 1696 non
690 1598 858 1714 possin
883 1616 1060 1714 separet
1078 1593 1401 1752 adpendieern,
1430 1625 1547 1714 quae
1568 1615 1778 1709 notarunt
1799 1599 1888 1705 col„

216 1761 462 1854 lectionem
486 1759 847 1880 comprehendit
900 1763 1031 1852 Tum
1053 1761 1107 1854 id
1136 1779 1305 1870 teneat,
1331 1781 1544 1852 notarum
1564 1726 1767 1884 figuras
1752 1795 1804 1852 rn
1824 1784 1886 1867 ta,

215 1927 343 2017 bulas
370 1926 558 2056 quidem
579 1929 740 2058 ligni
725 1930 889 2030 moises
923 1959 1040 2036 esse
1078 1957 1271 2046 quarum
1303 1927 1490 2045 quaevis
1513 1927 1741 2052 integram
1767 1960 1885 2023 eom·

215 2099 427 2216 plectitur
451 2099 734 2208 columnam3
760 2093 1115 2215 significationes
1131 2121 1270 2195 vero,
1286 2119 1405 2208 quae
1423 2091 1547 2180 notis
1566 2090 1747 2214 pdditae
1763 2115 1884 2204 sunt,

213 2265 334 2381 typis
363 2291 458 2350 esse
485 2263 723 2384 impressas
747 2258 1015 2363 mobilibus,
1042 2263 1191 2378 iisque
1205 2261 1478 2380 vulgaribus.
1534 2263 1710 2384 Quare,
1738 2301 1883 2390 quum

211 2423 299 2512 hae
318 2423 495 2539 saepius
512 2451 572 2508 ex
590 2420 702 2508 locis
724 2419 818 2508 suis
841 2420 1231 2542 typographorum
1254 2426 1386 2546 culpa
1406 2447 1581 2517 amotae
1596 2432 1710 2536 sint,
1727 2466 1881 2552 quam.

211 2591 325 2679 libet
347 2617 453 2677 suae
476 2605 632 2692 notae,
662 2584 785 2674 linea
800 2587 1052 2700 interiecto,
1078 2591 1292 2700 restituat.
1343 2595 1403 2682 In
1416 2594 1586 2716 pagina
1606 2595 1747 2716 igitur
1771 2599 1878 2708 XL,

211 2775 265 2845 ut
293 2754 378 2844 hac
401 2773 520 2860 utar,
558 2755 933 2876 significationes,
972 2787 1091 2879 qnae
1120 2781 1337 2886 perrerso
1364 2757 1526 2852 ordine
1549 2761 1680 2880 notis*
1699 2759 1879 2854 additae

211 2941 336 3028 sunt,
364 2891 430 3014 sio
455 2941 666 3040 reponat:
736 2939 740 2946 ’
799 2939 823 2948 ’“
899 2945 902 2952 “

211 4419 395 4516 Etenim
420 4423 715 4531 vocabulum,
752 4418 1050 4516 Substantia
1078 4445 1180 4520 non
1203 4449 1272 4520 est
1287 4384 1568 4555 ⁸significatio
1598 4440 1875 4558 primaeuo.

210 4611 304 4703 tae,
335 4596 410 4686 cui
435 4615 503 4688 est
523 4593 715 4710 adjecta,
744 4591 826 4687 sed
854 4592 1105 4711 secundae3
1129 4593 1441 4711 vocabulum,¹
1457 4600 1756 4702 Constantia
1773 4642 1874 4716 non
