4744 5960
1128 576 1443 690 ''⁶484'‘

444 789 556 916 quid
578 789 829 908 quaesitum
844 799 977 886 esset,
998 778 1164 900 quidve
1185 817 1482 906 responsum,
1508 798 1675 887 cursim
1697 801 1756 892 ad
1783 805 2020 906 Caesarem
2042 843 2143 934 per.

441 953 680 1046 ferentes.”
735 946 861 1038 Idem
883 949 979 1058 (22.
1002 942 1081 1052 5)ι
1109 949 1389 1050 „Pentadius
1418 957 1537 1045 notis
1571 967 1779 1082 excepit,
1810 1003 1926 1090 quae
1952 978 2144 1068 interro-

439 1139 569 1242 gatus
585 1111 876 1234 responderat
899 1108 1052 1250 Gallus
1060 1110 1083 1144 ”
1107 1132 1189 1204 oet.
1246 1116 1361 1208 Acta
1384 1124 1519 1212 etiam
1542 1155 1728 1236 eorum,
1759 1165 1874 1252 quae
1894 1139 2066 1228 fiebant
2090 1143 2143 1231 in

378 1284 384 1290 ’
441 1277 646 1380 ecclesia,
684 1278 804 1368 notis
832 1274 1175 1394 excipiebantur
1202 1283 1368 1396 (Vales.
1389 1288 1446 1380 ad
1468 1294 1637 1385 Socrat.
1656 1297 1758 1388 hist.
1785 1304 1939 1394 eccles.
1970 1326 2016 1425 p.
2038 1313 2141 1427 71);

442 1443 704 1562 cumprimis
734 1465 830 1536 acta
854 1463 1099 1559 martyrum
1123 1449 1314 1559 (Batou.
1334 1453 1394 1540 T.
1413 1455 1469 1542 II.
1492 1455 1550 1546 ad
1574 1489 1611 1547 a
1639 1462 1738 1557 258.
1761 1467 2007 1560 Lambecc.
2027 1471 2141 1562 bibl.
2289 1513 2293 1520 ·

442 1613 568 1704 Caes.
592 1611 652 1702 L.
674 1637 713 1726 4.
743 1611 833 1702 ι5ι.
852 1607 914 1722 6).
985 1606 1056 1694 Ab
1079 1614 1354 1730 excipiendo
1380 1624 1432 1714 hi
1461 1633 1629 1720 notarii
1661 1631 1775 1722 dicti
1800 1655 1908 1722 sunt
1932 1660 2143 1756 excepto·

440 1807 511 1868 res
534 1775 592 1890 (l.
617 1806 680 1896 ¹9·
701 1775 923 1896 §.penult
950 1771 1128 1860 Locati.
1152 1773 1181 1862 l.
1193 1775 1232 1866 5.
1252 1781 1306 1877 C.
1326 1784 1383 1878 de
1405 1797 1687 1890 numerariis.
1718 1799 2005 1892 Gothoir.-ad
2021 1806 2143 1898 Cod.

442 1938 627 2032 Theod.
650 1942 768 2032 VIII.
797 1975 831 2030 1.
854 1967 895 2031 2.
925 1939 1124 2029 Wower.
1144 1945 1316 2064 polym.
1338 1982 1383 2071 p.
1405 1953 1498 2066 55).
1553 1963 1658 2049 Nec
1684 1993 1785 2052 non
1809 1997 1836 2054 a
1857 1970 2044 2086 privatis
2068 1974 2143 2064 ad.

441 2106 714 2214 hibebantur
748 2085 917 2200 notarii
948 2103 1070 2219 (Cic.
1093 2106 1226 2202 Attio.
1247 2141 1289 2211 2.
1319 2119 1388 2206 25.
1417 2140 1462 2210 et
1499 2155 1537 2240 7.
1565 2126 1631 2214 ι5.
1651 2125 1713 2247 Q.
1739 2129 1861 2220 fratr.
1883 2160 1924 2222 2.
1942 2135 1984 2222 6.
2024 2139 2141 2228 Gell.

445 2305 482 2362 1.
501 2275 571 2364 25.
613 2272 805 2394 Quintil.
835 2305 897 2364 10.
919 2272 960 2360 5.
982 2301 1027 2390 p.
1050 2273 1147 2386 245.
1169 2275 1239 2366 ed.
1262 2281 1366 2400 Bip·
1404 2285 1571 2380 Euseb.
1594 2285 1697 2378 hist
1724 2293 1830 2382 eccl.
1851 2297 1913 2384 L.
1932 2297 1973 2386 6.
1998 2297 2050 2387 Ο.
2070 2301 2141 2388 25.

440 2470 487 2560 Ρ.
507 2465 605 2554 224.
633 2439 858 2534 Ammian.
878 2439 947 2534 28.
970 2439 1038 2554 4).
1086 2441 1259 2536 Plinius
1292 2447 1396 2561 (IX.
1416 2451 1559 2570 Epist.
1580 2453 1648 2543 56.
1671 2453 1725 2564 2)
1750 2456 1928 2550 scribit:
1958 2525 1984 2564 „
2000 2463 2140 2550 Nota·

443 2606 564 2694 rium
584 2635 723 2714 voco,
752 2629 823 2714 et,
855 2607 931 2698 die
951 2602 1164 2718 admisso,
1195 2642 1311 2734 quae
1331 2583 1629 2734 formaueram
1653 2619 1824 2710 dicto.”
1875 2621 2020 2741 Apud
2039 2627 2143 2718 Am-

442 2765 648 2855 mianum
670 2767 861 2878 (1d5):
898 2731 924 2870 ,',
935 2765 1094 2855 Dictat
1119 2773 1328 2882 ancillae,
1357 2797 1567 2868 notarum
1589 2747 1793 2902 peritae}
1824 2781 2017 2876 domina
2050 2793 2142 2910 epi·

299 2921 304 2930 ⁴
353 2893 366 2922 ⁸
443 2929 614 3018 stolam.
627 2929 650 2962 ”
716 2930 884 3048 Neque
912 2925 1062 3014 tamen
1094 2927 1151 3018 ad
1173 2963 1310 3028 omne
1336 2940 1548 3036 dictionis
1575 2981 1721 3070 genus
1744 2969 1866 3069 aptas
1893 2951 2035 3044 fuisse
2060 2987 2141 3046 no-

444 3119 509 3188 tas
536 3099 740 3188 observat
764 3099 1095 3212 Hieronymus,
1138 3103 1218 3220 qui
1250 3103 1332 3218 (ad
1360 3106 1546 3197 Avitum
1585 3110 1643 3200 de
1668 3113 1794 3202 libris
1833 3120 1939 3236 περὶ
1970 3118 2142 3242 ἀρχῶν

442 3273 528 3394 pr.)
554 3270 817 3376 „Adhibitis
847 3269 1033 3366 notariis
1066 3299 1182 3388 opus
1209 3303 1344 3364 omne
1371 3268 1618 3388 descripsit.
1650 3324 1707 3338 --
1735 3279 1806 3396 ΕιΙ
1819 3282 1928 3398 quia
1954 3282 2139 3378 difficile
2281 3411 2286 3418 Ι

443 3433 638 3561 grandes
667 3436 828 3542 libros,
881 3433 939 3524 de
972 3432 1106 3522 rebus
1137 3439 1335 3553 mysticis
1371 3436 1669 3558 disputantes,
1706 3462 1921 3536 notarum
1950 3475 2144 3568 possunt

443 3633 621 3702 servare
653 3600 949 3724 compendia,
979 3605 1239 3717 praesertim
1275 3611 1355 3724 qui
1386 3605 1543 3698 furtim
1569 3607 1863 3732 celeriterque
1889 3613 2139 3736 dictantur3

415 3869 419 3884 ,
444 3773 508 3868 ita
527 3763 692 3864 iu'illis
716 3767 904 3860 confusa
927 3783 1031 3858 sunt
1058 3768 1230 3876 omnia,
1259 3791 1310 3862 ut
1335 3792 1380 3864 et
1407 3774 1568 3868 ordine
1591 3777 1643 3866 in
1664 3778 1894 3903 plerisque
1931 3805 1977 3876 et
2004 3817 2139 3880 seusu

446 3945 668 4034 careant.”

558 4063 662 4235 rag.
683 4139 752 4235 49
788 4107 1046 4228 Fannius,
1072 4104 1133 4196 cle
1162 4136 1298 4200 onere
1327 4111 1588 4242 disputans
1612 4117 1844 4240 imposito
1870 4124 2139 4233 memoriae,

446 4309 545 4404 qua
568 4291 827 4371 teneantur
848 4285 927 4366 tot
947 4279 1176 4364 notarum
1188 4273 1404 4393 formae,
1432 4313 1529 4374 non
1559 4287 1659 4374 nisi
1686 4279 1966 4376 arbitraria
1993 4317 2052 4376 ea
2082 4289 2142 4377 si-

449 4473 552 4559 gno
579 4481 693 4554 esse,
721 4444 863 4566 salso
892 4432 990 4532 sibi
1014 4440 1312 4566 persuadet]
1380 4455 1430 4540 N
1432 4483 1456 4540 e
1485 4485 1595 4544 vero
1631 4457 1944 4578 Quintilianus
1981 4461 2074 4570 (ιι.
2099 4485 2141 4546 2.

290 4693 305 4704 .
449 4633 495 4722 p·
519 4609 615 4700 288.
638 4611 864 4730 ed.Bip.),
892 4609 974 4700 ubi
1002 4603 1059 4698 de
1084 4626 1174 4698 orte
1200 4613 1374 4720 scribit,
1402 4647 1490 4738 qua
1517 4619 1693 4734 iuvatur
1717 4623 1957 4726 memoria,
1992 4615 2144 4712 videri
2215 4691 2221 4702 .
