4744 5960
899 557 1211 745 ...ff-

378 833 579 962 Ὕψιλόν.
650 843 779 929 Errat
812 837 1134 947 Montiaucon,
1174 844 1254 962 qui
1280 869 1377 930 eam
1407 844 1546 954 (356)
1580 843 1712 958 hujus
1738 849 1889 940 literae
2011 869 2018 886 '

230 1011 445 1130 figuram,
475 1035 590 1125 quae
613 1002 799 1141 caudam
822 1006 990 1132 amisit,¹
1017 1003 1146 1104 inde*
1162 1038 1186 1093 a
1205 1035 1333 1092 nono
1363 1003 1547 1095 demum
1570 1013 1747 1100 saeculo
1768 995 1892 1132 repess

229 1174 310 1260 riri
333 1169 456 1260 dicit.
511 1170 567 1255 In
588 1167 907 1284 antiquissimis
928 1171 1051 1274 enim
1072 1169 1445 1285 inscriptionibus
1468 1169 1719 1271 (Chandler
1738 1169 1892 1268 marm.

231 1327 388 1425 Oxou.
420 1365 466 1452 p.
484 1329 551 1444 54.
582 1363 627 1421 n.
648 1351 716 1442 27.
741 1329 810 1421 28.
840 1331 1102 1437 Murrio.)
1132 1351 1177 1418 et
1203 1295 1354 1420 numis
1382 1335 1424 1420 V
1453 1351 1518 1421 est
1547 1365 1630 1451 pro
1661 1343 1721 1443 Τ,
1759 1335 1893 1459 atque

227 1498 281 1584 in
309 1496 459 1585 charta
484 1495 560 1582 illa
586 1524 836 1613 papyraceo
868 1522 926 1599 ν·
955 1492 1144 1602 (Schow
1164 1495 1280 1583 Tab.
1306 1498 1374 1605 Ι),
1405 1497 1479 1584 cui
1502 1518 1557 1603 ν·
1587 1499 1638 1584 in
1666 1496 1893 1622 taehygra·

227 1658 428 1780 phorum
458 1658 578 1758 notis
611 1655 857 1746 admodum
886 1673 952 1744 est
976 1655 1146 1766 simile3
1171 1652 1371 1774 indeque
1400 1677 1478 1765 os,
1509 1657 1633 1776 quod
1660 1661 1711 1748 in
1743 1660 1904 1752 charta¹

50 1839 51 1842 ‘
229 1823 341 1909 anni
364 1823 594 1910 DLXXV
614 1819 806 1929 (Marini
825 1817 940 1905 Tab.
950 1819 1012 1928 V)
1034 1818 1323 1936 conspicitur,
1344 1819 1511 1910 factum
1530 1851 1625 1912 esse
1644 1819 1835 1926 videtur.

378 1991 447 2079 ot
506 1984 714 2074 Circulus
734 2013 760 2070 a
784 2001 1057 2105 properante
1076 1981 1386 2116 tachygrapho
1404 2017 1502 2080 non
1524 1951 1786 2102 absolvitur3
1810 2019 1890 2079 un·

232 2151 290 2244 de
316 2171 380 2244 est
407 2153 458 2238 in
483 2151 604 2238 notis
635 2145 711 2256 lb.
948 2259 952 2267 .
1229 2257 1232 2264 .

377 2313 448 2403 Χῖ.
505 2313 691 2430 Ubique
714 2312 808 2400 iere
833 2307 990 2400 eadem
1023 2329 1089 2400 est
1111 2308 1245 2422 hujus
1269 2313 1421 2408 literae
1450 2314 1605 2404 forma.

376 2480 442 2568 Ψῒ.
489 2478 563 2573 *In
582 2476 665 2580 eis,
695 2505 804 2594 quas
823 2473 941 2580 vidi,
970 2477 1091 2564 notis
1113 2503 1211 2562 non
1235 2496 1463 2594 comparet
1483 2475 1595 2568 haec
1614 2479 1751 2574 litera.
1797 2483 1891 2590 Ne

231 2671 320 2762 que
339 2659 490 2728 tamen
510 2635 693 2745 dubim,
715 2642 827 2758 quin
856 2648 894 2758 ψ
923 2641 1016 2753 ejus
1036 2641 1180 2728 forma
1197 2641 1357 2735 fuerit..
1384 2644 1451 2734 Ea
1477 2643 1599 2732 enim
1617 2646 1734 2762 ipsa,
1758 2663 1802 2732 et
1817 2641 1888 2761 ab,

230 2804 507 2920 conspicitur
530 2803 582 2888 in
609 2803 758 2893 charta
785 2808 860 2897 illa
879 2835 1130 2926 papyracea
1159 2805 1348 2912 (Schow
1368 2806 1483 2897 Tab.
1500 2809 1573 2918 I),
1610 2809 1726 2896 sicut
1753 2806 1810 2926 ᾧ*
1837 2811 1889 2900 in

229 2997 301 3072 ea,
330 2965 445 3085 qu'ae
473 2995 593 3058 anno
622 2966 853 3068 DLXXV
884 2987 1060 3066 exarata
1088 2991 1154 3061 est
1181 2975 1380 3080 (Marini
1411 2972 1527 3060 Tab.
1548 2975 1632 3082 V).
1689 2947 1694 2953 ¹
1735 3059 1738 3066 ,

371 3129 573 3247 'liudem
624 3130 697 3216 Ex
712 3125 892 3231 duobus
920 3161 949 3220 o
977 3131 1097 3222 hanc
1115 3135 1288 3224 literam
1305 3131 1542 3236 conflatam
1561 3161 1656 3230 esse
1675 3133 1890 3254 equidem

227 3325 413 3399 censeo,
443 3296 538 3384 sive
570 3301 646 3402 db,
675 3294 770 3392 sive
797 3315 877 3402 (t),
902 3298 997 3388 sive
1022 3329 1078 3386 σο
1107 3300 1297 3420 figuram
1321 3265 1601 3415 spectaretis.
1670 3293 1761 3386 Sed
1790 3326 1890 3402 eam

227 3461 444 3578 perficere
469 3459 728 3550 festinantes
751 3459 918 3556 notarii
935 3463 1112 3580 saepius
1135 3461 1450 3584 neglexerunt,
1478 3457 1540 3545 ita
1555 3473 1606 3544 ut
1629 3485 1773 3545 unum
1796 3476 1889 3546 tan·

227 3643 326 3713 tum
355 3654 383 3710 ο
411 3621 670 3718 clauderent
689 3623 742 3712 in
771 3648 848 3728 ω,
876 3621 1002 3743 quod
1022 3645 1086 3714 est
1113 3627 1166 3714 in
1192 3623 1340 3714 charta
1363 3651 1483 3712 anno
1503 3623 1687 3715 DXXll
1715 3640 1890 3714 exarata

229 3787 419 3898 (Marini
442 3788 650 3900 Tab.V);
677 3805 890 3876 neutrum
911 3789 1091 3876 veroin
1112 3787 1520 3921 tacbygraphorum
1546 3814 1631 3898 ev3
1661 3815 1775 3905 quae
1791 3785 1889 3902 ipsa

229 3953 287 4043 rai
317 3949 478 4067 ὠμένοι
505 3954 649 4042 forma
673 3955 725 4040 in
747 3953 949 4076 vulgaria
968 3926 1202 4054 scribendi
1216 3949 1488 4076 compendia
1512 3950 1683 4050 transiit
1707 3951 1889 4062 (Mont-
2017 3987 2019 3992 ·

229 4121 343 4209 fauo.
364 4116 461 4210 aas.
483 4121 600 4206 vm.
626 4149 669 4207 v.
687 4117 727 4214 a,
757 4116 1011 4226 ποιείσθω).
1642 4093 1643 4096 ’

343 4281 384 4402 5.
413 4281 509 4398 485.
573 4282 804 4403 Expositis
830 4281 1057 4374 literarum
1081 4285 1256 4392 formis,
1295 4258 1496 4405 sequitur
1521 4301 1573 4374 ut
1601 4307 1754 4370 earum
1782 4309 1891 4370 con·

211 4443 558 4567 jungendarum
583 4451 804 4538 rationem
835 4447 1143 4558 ostendamus,
1189 4470 1233 4541 et
1263 4449 1448 4567 syllabas
1482 4427 1762 4538 illustremus.
1832 4447 1890 4532 In

229 4611 394 4740 quibus
420 4612 736 4710 enumerandis
767 4644 897 4726 eum,
927 4646 1064 4737 quem
1093 4613 1301 4710 adhibuit
1328 4613 1654 4720 Montlaucon,
1676 4605 1889 4748 ordinem
