4756 5924
951 643 1009 686 ''²'‘
1063 643 1156 741 429.
1201 659 1297 718 ··““·-

265 829 428 932 harum
452 827 603 924 rerum
626 825 743 941 situs¹
759 823 954 921 curatius
981 829 1206 922 delinitur.
1264 825 1354 922 Sed
1376 827 1464 941 jam
1487 827 1591 922 satis
1616 832 1755 922 multa
1779 825 1838 922 de
1864 833 1934 940 iis,

263 1033 380 1126 quas
419 999 471 1090 in
511 991 676 1084 aversis
715 987 1015 1111 diplomatum
1048 995 1228 1120 paginis
1267 1013 1421 1096 notata
1456 1015 1574 1090 sunt.
1662 997 1735 1090 Ad
1770 999 1936 1114 majora

266 1169 401 1264 etiam
429 1161 676 1252 veniamus.
1007 1173 1009 1178 ’
1100 1245 1103 1251 ,

381 1331 419 1449 ᾗ.
447 1321 545 1442 459.
586 1322 778 1442 Magno
803 1317 1091 1412 hauddubie
1118 1327 1223 1414 usui
1256 1343 1321 1414 est
1345 1341 1557 1420 notarum
1579 1321 1934 1422 Tironianarnm

266 1493 471 1616 cognitio
488 1485 548 1577 ad
562 1459 881 1578 discernendas
899 1483 1071 1576 chartas
1090 1489 1313 1609 genuinas
1328 1519 1354 1576 a
1371 1489 1548 1607 spuriis,
1565 1519 1623 1578 ex
1640 1489 1703 1580 iis.
1715 1492 1933 1587 nimirum
2010 1525 2013 1532 Δ

264 1652 570 1774 temporibus,
599 1649 766 1770 quibus
794 1667 930 1740 uotae
959 1649 1308 1770 usurpabantur.
1362 1653 1548 1744 Etenim
1574 1653 1930 1766 observaverint,

264 1813 432 1943 quibus
448 1811 638 1923 „oemio
659 1809 760 1901 data
781 1812 936 1920 fuerit,
965 1813 1106 1914 multa
1129 1817 1184 1902 in
1210 1814 1437 1906 tabulariis
1459 1814 1703 1938 diplomata
1726 1801 1934 1913 evolven·

266 1963 342 2092 di,
379 1980 621 2071 maximam
648 1974 900 2067 chartarum
932 1977 1143 2068 falsarum
1175 1999 1349 2098 partem
1380 1977 1656 2072 duodecimo
1680 1985 1858 2076 saeculo
1890 2005 1936 2079 et

265 2149 488 2272 proximis
502 2143 782 2264 temporibus
802 2143 1034 2236 exstitisse.
1093 2141 1198 2264 Qua
1221 2138 1409 2264 quidem
1433 2164 1575 2235 aetate
1591 2179 1733 2267 quum
1758 2183 1826 2242 ars
1854 2183 1936 2243 no·

264 2307 392 2403 tandi
417 2310 505 2423 jam
533 2285 768 2426 deperdita
797 2327 934 2412 esset,
962 2305 1318 2422 Tironianarum
1343 2287 1553 2397 notarum
1584 2314 1769 2430 scriptio
1795 2317 1934 2406 maxi·

264 2505 343 2567 mo
370 2467 700 2593 impedimento
727 2471 814 2558 fuit
835 2469 913 2576 iis,
943 2470 1025 2589 qui
1050 2467 1219 2559 chartas
1240 2471 1445 2591 antiquas
1464 2470 1709 2594 fingebant.
1771 2475 1933 2566 Videa-

262 2667 364 2730 mus
378 2638 541 2758 igitur,
569 2631 682 2756 quid
702 2631 912 2740 fecerint,
939 2663 1085 2756 ‘quum
1106 2637 1170 2724 eis
1187 2633 1479 2727 scribendum
1497 2655 1630 2743 esset,
1660 2635 1788 2757 quod
1803 2623 1930 2732 nullo

262 2801 402 2898 modo
433 2799 758 2924 intelligerent,
786 2819 839 2890 ut
868 2799 995 2892 hunc
1024 2799 1265 2918 scopulum
1293 2821 1570 2923 superarent
1648 2803 1743 2894 Alii
1767 2805 1824 2896 in·
1850 2805 1932 2895 fin.

265 2967 426 3092 gendis
453 2968 547 3078 ejus
568 2963 702 3054 etiam
725 2963 877 3062 aetatis
896 2961 1238 3083 diplomatibus,
1264 2995 1356 3086 qua
1372 2967 1683 3059 usitatissimae
1704 2987 1831 3060 eraut
1851 2999 1932 3060 no

267 3153 340 3221 rae
362 3131 663 3234 Tironiauae,
708 3129 762 3216 in
787 3127 1069 3221 notariorum
1095 3128 1237 3250 siguis
1268 3157 1342 3218 eas
1370 3131 1642 3237 omiserunt,
1686 3151 1741 3222 ut
1762 3134 1933 3228 factum

264 3325 360 3388 esse
380 3292 589 3386 videmus
615 3295 667 3383 in
686 3294 852 3416 spuriis
877 3289 1040 3384 chartis
1067 3291 1221 3384 Caroli
1236 3293 1304 3382 Μ
1322 3293 1473 3422 (Orig.
1489 3293 1639 3396 Guelf.
1660 3295 1797 3391 Vas.
1825 3297 1932 3390 Gat-

263 3479 380 3552 terer
404 3457 513 3580 dipl.
537 3491 604 3580 pr.
630 3458 746 3554 Tab.
763 3459 851 3572 ll),
887 3449 1121 3548 Ludorici
1148 3459 1220 3547 Pii
1249 3461 1414 3571 (Mon.
1439 3459 1569 3552 Boic.
1580 3511 1582 3516 ·
1594 3491 1658 3553 xr.
1678 3459 1778 3553 ιιοό.
1803 3494 1850 3553 u
1867 3490 1930 3554 vr.

264 3620 436 3716 Oefelii
474 3623 518 3734 S.
543 3625 601 3713 R.
626 3617 1069 3742 Boie1.'703.704)
1109 3653 1226 3744 quae
1252 3619 1495 3714 monachii
1527 3625 1626 3745 ipse
1654 3627 1933 3733 examinavi,

263 3781 476 3880 [rotharii
501 3789 741 3912 (Herrgott
757 3789 992 3910 genealog.
1010 3787 1265 3913 Habeburg.
1280 3791 1315 3878 Ι.
1343 3786 1470 3902 ι68),
1499 3807 1546 3878 et
1561 3781 1797 3878 Ludos-ici
1822 3787 1932 3876 Ger.

210 3971 214 3976 ·
263 3951 434 4051 manici
468 3955 618 4062 (Mon.
645 3951 774 4042 Boio.
799 3980 862 4040 xr.
899 3975 992 4043 112.
1021 3981 1067 4044 n.
1086 3954 1171 4065 rx).
1224 3949 1318 4041 Alii
1349 3949 1527 4040 nullum
1552 3948 1719 4046 notarii
1746 3949 1930 4075 signum

264 4137 595 4238 apposuerunt,
623 4120 751 4209 utin
776 4115 938 4207 chartis
965 4115 1079 4247 fictis
1108 4085 1308 4225 eiusdem
1338 4114 1492 4206 Caroli
1520 4111 1819 4232 (Pepebroch
1846 4129 1930 4206 act
2057 4209 2061 4214 ,

264 4283 341 4374 SS.
356 4313 497 4374 mens.
506 4269 622 4406 Apri
639 4287 699 4386 Τ.
707 4287 763 4388 Π.
784 4281 1297 4405 propyl.p.'12,Tab.3,
1327 4299 1372 4371 et
1389 4280 1583 4371 Kollarii
1601 4278 1713 4376 anal.
1732 4281 1765 4374 1.
1787 4283 1930 4391 1027),

265 4465 310 4538 et
337 4444 573 4540 Ludovici
594 4450 784 4564 junioris
814 4447 973 4570 (Orig,
990 4445 1140 4535 Guell.
1156 4449 1232 4538 IV.
1250 4449 1346 4564 370.
1372 4447 1575 4558 Tabx).
1625 4443 1716 4547 Alii
1742 4469 1930 4534 omnem

263 4599 428 4712 notarii
454 4617 837 4746 subscriptionem
863 4615 1132 4728 omiserunt,
1166 4613 1293 4712 utin
1320 4610 1566 4736 diplomate
1585 4603 1822 4707 Ludorici
1839 4603 1930 4716 Pii,
