4896 5890
970 577 1276 648 ——211-

403 759 442 893 6.
473 757 569 862 250.
627 755 743 860 Sunt
766 766 905 888 igitur
927 763 1020 856 duo
1044 757 1280 890 signorum
1303 767 1747 888 compendiariorum
1765 777 1818 868 in
1839 781 1960 876 notis

291 927 557 1026 Tironianis
586 963 772 1054 genera,
809 931 983 1036 literae,
1023 952 1067 1022 et
1096 941 1333 1053 punctum.
1397 935 1475 1023 De
1505 925 1594 1025 illis
1617 937 1775 1032 'dicere
1811 974 1962 1071 aggre,

291 1103 388 1192 dier
409 1099 604 1220 (§.257),
640 1099 679 1188 si
704 1087 861 1216 paucis
890 1122 1026 1218 egero
1058 1083 1117 1184 de
1142 1085 1362 1214 peculiari
1386 1099 1547 1216 puncti
1574 1102 1622 1188 vi
1650 1133 1703 1192 ac
1728 1117 1961 1224 potestate.

288 1263 344 1358 In
386 1267 599 1356 omnibus
635 1251 937 1381 scriptionum
971 1262 1242 1382 generibus,
1282 1261 1321 1350 si
1350 1263 1605 1369 Semiticas,
1648 1261 1799 1388 quales
1832 1309 1964 1370 nuno

289 1427 899 1552 sunt„tachygraphiamque
935 1423 1210 1540 Graecorum
1241 1420 1309 1548 (d.
1333 1429 1429 1544 484.
1450 1431 1530 1540 Τ.)
1566 1429 1815 1554 exceperis,
1844 1471 1960 1557 pun,

289 1620 534 1706 ctumnon
555 1591 646 1682 nisi
668 1579 970 1680 distinctionis
992 1581 1174 1712 signum
1203 1597 1286 1700 est,
1315 1613 1407 1716 quo¹
1428 1585 1501 1685 vel
1526 1587 1702 1720 singula
1731 1605 1868 1693 verba
1898 1638 1960 1696 se-

287 1783 521 1885 parantur,
552 1741 624 1848 vel
647 1757 894 1848 sententiae
926 1762 971 1846 et
999 1747 1332 1848 enuntiationes
1365 1744 1701 1892 concluduntur¹
1734 1796 1785 1887 ac
1810 1771 1958 1859 termi.

288 1949 477 2040 nantum
506 1923 708 2045 indeque
733 1941 830 2012 orta
855 1942 961 2012 sunt
984 1910 1086 2012 ¹trita
1113 1927 1329 2014 vetustate
1354 1927 1572 2016 vocabula
1593 1925 1955 2058 interpungere,

288 2080 631 2213 interpunctio.
708 2079 882 2182 Contra
904 2092 958 2178 in
982 2073 1415 2192 notieTironianisz,
1440 2088 1580 2178 modo
1601 2111 1707 2186 rere
1738 2096 1845 2186 tales
1867 2101 1958 2189 sint

288 2247 356 2378 (6.
389 2252 478 2350 182.
508 2243 605 2370 434.
636 2241 732 2370 436.
755 2251 890 2366 440),
943 2239 1015 2340 vei
1053 2256 1301 2385 generatim
1319 2243 1555 2374 'significat
1601 2271 1825 2372 correptas
1862 2293 1959 2354 esso

290 2411 535 2527 dictiones,
565 2421 636 2512 ve]
665 2439 750 2536 pro
781 2416 959 2505 diverso
987 2417 1075 2503 situ
1105 2413 1298 2504 diverses
1328 2401 1464 2503 habet
1494 2407 1869 2539 significetiones,
1892 2425 1959 2516 de

289 2615 379 2710 qua
402 2617 452 2675 re
481 2608 591 2674 mox
626 2571 685 2703 (6.
708 2571 792 2699 273
817 2587 928 2700 seq.)
961 2583 1044 2670 erit
1070 2563 1319 2668 disserendi
1348 2581 1488 2670 locus.

293 2835 301 2857 ,
403 2741 443 2872 d.
473 2737 569 2842 251,
633 2752 858 2838 Punctum
887 2735 1026 2866 igitur
1053 2733 1117 2831 'in
1145 2735 1413 2834 Tironianis
1448 2743 1570 2842 notis
1613 2745 1714 2842 ‘vice
1755 2747 1961 2882 fungitur

287 2909 434 3007 lineae
453 2933 621 3019 reetae,
652 2931 767 3033 quae
791 2899 1075 3030 compendiis
1094 2901 1482 3030 superimponitur
1502 2905 1553 3002 in
1577 2909 1733 3010 ceteris
1758 2925 1959 3044 scriptio.

290 3051 439 3171 nibus.
510 3072 760 3199 Quumque
786 3083 961 3165 tantum
992 3066 1127 3165 fuerit
1157 3079 1518 3168 Tironianorum
1549 3071 1961 3205 tachygraphorum

289 3247 554 3364 scripturam
594 3227 894 3332 contrahendi
927 3229 1157 3351 studium,
1198 3265 1250 3335 ut
1277 3235 1348 3336 vel
1378 3237 1496 3365 ipsas
1526 3267 1687 3354 notas,
1726 3281 1840 3371 quae
1872 3255 1961 3366 jam
2057 3217 2061 3232 ,

290 3418 396 3502 sunt
427 3392 816 3529 compendiarias,
847 3395 990 3528 magis
1019 3409 1152 3496 etiam
1184 3409 1409 3530 corripere
1436 3409 1703 3524 laborarint3
1740 3403 1958 3507 adhunc

288 3570 428 3664 finem
464 3537 744 3694 aptissimum
768 3563 864 3659 erat
895 3577 1142 3690 punctum,
1183 3563 1308 3694 qnod
1335 3575 1483 3664 vicem
1509 3547 1839 3670 terminetionis
1868 3613 1958 3674 sae⁴

290 3733 394 3861 pius
426 3729 616 3857 supplet.
681 3730 734 3828 E.
758 3769 795 3827 c,
815 3745 971 3828 notam
1005 3723 1102 3858 ‚20
1131 3771 1190 3808 a·
1225 3737 1424 3855 I(p)Ror
1454 3775 1511 3820 r-a
1539 3733 1806 3855 Imperator
1836 3742 1958 3864 (64),

293 3895 496 4030 quamvis
515 3907 571 3994 sit
589 3897 870 4012 brevissima,
901 3909 1063 3996 arctius
1088 3916 1241 3994 tamen
1264 3915 1550 4036 contraxere,
1580 3903 1676 3997 solo
1705 3932 1879 4026 puncto
1906 3916 1960 4007 in
2032 3991 2034 3996 .

290 4066 454 4162 locum
456 4061 1054 4179 terminationrssubstitnto,
1073 4054 1395 4162 scribentes¹
1331 4097 1436 4166 -ο
1464 4043 1958 4212 ==I(p)l’r(Carp.1(i.

292 4265 333 4330 v
344 4227 412 4353 5)
480 4231 654 4324 Eadem
680 4228 793 4324 ratio
820 4247 884 4328 est
915 4257 1050 4328 n'otae
1076 4170 1178 4381 Ἀ
1205 4279 1262 4306 -—-=
1286 4229 1493 4324 DOMns
1516 4271 1599 4308 ==¹
1586 4227 1888 4330 Domnns
1837 4251 1888 4358 (
1868 4241 1959 4366 8),

293 4401 418 4515 cuins
440 4402 689 4522 correptior
717 4403 861 4494 forma
890 4423 954 4494 est
979 4289 1181 4558 sexa
1182 4393 1400 4518 DOM(
1374 4397 1533 4523 (.Carp
1551 4403 1613 4494 16.
1631 4435 1674 4494 v.
1687 4403 1756 4519 5)
