4756 5924
704 653 710 663 ·
893 605 1205 715 *415*

217 817 400 904 nianao.
459 815 513 900 In
544 809 701 900 ceteris
732 823 882 898 autom
916 809 1115 938 ciusdem
1133 816 1253 937 regis
1282 813 1467 925 chartis,
1496 849 1594 912 non
1628 827 1774 917 solum
1802 833 1894 922 aeri

219 981 401 1083 incisis,
431 976 632 1096 (Origin.
656 973 806 1074 Guelf.
819 975 873 1062 V.
898 958 1348 1094 ad'p.25.Tab.v11.
1379 981 1607 1076 Schannat
1629 967 1755 1082 vind.
1775 994 1893 1092 arch.

219 1141 353 1234 Fuld.
378 1139 612 1250 ¹st.Vll.
651 1169 697 1254 n.
721 1145 764 1248 ι)
802 1169 911 1259 quas
946 1141 1133 1231 cuilibet
1161 1147 1456 1264 contemplari
1485 1146 1611 1254 licet,
1649 1153 1729 1243 sed
1759 1160 1894 1250 ctiam

119 1371 123 1384 .
219 1303 534 1425 autographis,
565 1330 681 1420 quae
706 1301 806 1420 ipse
828 1302 1034 1419 inspexi,
1069 1304 1188 1394 nihil
1221 1327 1307 1415 est,
1337 1307 1596 1430 quodcum
1627 1317 1744 1406 voris
1772 1323 1893 1414 notis

223 1469 496 1557 Tironianis
521 1467 775 1558 conveniat
842 1467 994 1557 Multo
1017 1469 1153 1560 etism
1178 1471 1321 1593 magis
1350 1472 1464 1563 haec
1495 1475 1712 1595 scriptura
1740 1477 1896 1600 depra-

221 1652 358 1726 vatur
386 1634 436 1717 in
464 1635 644 1736 eorum,
673 1632 755 1752 qui
783 1654 1115 1738 successerunt,
1144 1626 1305 1756 regum
1337 1633 1670 1757 diplomatibus.

340 1797 380 1916 p.
419 1795 516 1910 454.
580 1798 635 1887 In
665 1795 886 1886 tabulario
915 1797 1241 1916 Herbipolensi
1268 1801 1599 1924 autographum
1628 1802 1805 1898 chartac
1831 1811 1896 1900 vi.

222 1965 336 2056 dere
363 1959 480 2053 mihi
509 1961 725 2084 contigit,
756 1991 846 2082 qua
873 1961 1168 2066 Lndovt'cus,
1206 1966 1485 2092 cognomine
1511 1967 1686 2074 Infans,
1714 1971 1893 2066 Amulfi
1940 1921 1943 1932 ·

223 2129 365 2232 filius,
395 2125 471 2216 dis
485 2127 554 2216 IX
573 2127 704 2234 Julii,
734 2156 856 2218 anno
874 2126 1175 2232 DCCCCIII,
1196 2153 1266 2222 tes
1288 2125 1503 2246 quasdam
1522 2133 1574 2218 in
1591 2134 1896 2255 Horbipolen..

223 2321 324 2396 sem
359 2289 672 2409 episcopatum
705 2285 892 2384 confert.
971 2288 1188 2380 Eandem‘
1224 2287 1421 2382 chartam
1459 2326 1602 2413 quum
1642 2297 1894 2394 Eckhartus

223 2461 401 2566 (Franc.¹
420 2485 484 2545 or.
505 2457 561 2546 Π.
581 2453 686 2573 897)
713 2485 771 2542 cx
796 2447 1099 2544 chartulario
1120 2452 1318 2576 quodam
1338 2486 1436 2544 non
1458 2458 1560 2546 satis
1577 2475 1791 2574 accurate,
1803 2461 1896 2554 edi-

225 2619 365 2734 derit,
392 2639 522 2712 notas
543 2619 817 2755 Tironianss
834 2636 980 2738 atque·
993 2647 1066 2723 ea,
1096 2647 1213 2738 quas
1234 2617 1493 2740 vulgatibus
1527 2616 1666 2708 literis
1690 2623 1896 2716 notarius

224 2785 509 2901 subscripsit,
559 2781 820 2908 diligentius
858 2779 1081 2872 delineata
1112 2781 1316 2895 subjicio.
1385 2783 1538 2878 Notas
1571 2777 1759 2900 quidem
1812 2751 1890 2916 J
2083 2863 2084 2868 Ν

234 2935 309 3070 Ἰ
361 2901 463 3072 ς’,
510 2945 549 3038 si
582 2975 714 3038 verso
747 2943 1004 3066 scriptionis
1030 2947 1313 3037 Tironianae
1341 2945 1565 3044 rationem
1593 2944 1778 3052 habeas,
1820 2975 1895 3038 ax-

226 3111 465 3237 plicandao
490 3129 595 3202 sunt
619 3108 1031 3233 Conscripsitho)
1058 3121 1110 3202 ot
1124 3113 1196 3223 (1)
1224 3111 1425 3232 scripsit
1443 3111 1563 3220 (to);
1591 3126 1644 3198 ut
1660 3109 1800 3228 igitur
1814 3139 1896 3198 no·

227 3281 365 3373 tarius
399 3273 601 3394 profiteri
629 3270 855 3380 videatur,
890 3303 938 3365 se
969 3294 1067 3368 tum
1091 3275 1284 3395 ptumam
1303 3273 1485 3410 'chartae
1507 3271 1750 3364 formulam
1777 3300 1897 3364 cons.

223 3444 459 3567 posuisse,
484 3458 582 3528 tum
606 3436 937 3560 autographum
962 3441 1113 3558 ipsum
1137 3442 1392 3565 scripsisse.
1466 3441 1570 3564 Ego
1592 3467 1722 3543 vero,
1753 3438 1898 3531 consi·
1967 3523 1970 3534 .

229 3609 392 3702 deratis
420 3605 516 3696 aliis
539 3601 741 3717 ejusdcm
766 3605 917 3696 aetatis
937 3601 1280 3723 diplomatibus,
1305 3625 1535 3724 conuptas
1560 3631 1656 3698 osso
1673 3619 1803 3692 notas
1828 3629 1898 3692 su

231 3773 402 3894 spicor3
443 3770 680 3890 primaque
706 3799 879 3858 nomen
907 3771 1166 3888 proprium,
1203 3770 1402 3862 secunda
1425 3788 1597 3873 autem,
1639 3795 1755 3886 quae
1803 3769 1897 3898 Z

231 3935 378 4039 scribi,
397 3931 604 4040 deberet,
633 3933 907 4028 vocabulum
925 3937 1152 4024 notarius
1174 3901 1430 4058 significari.
1486 3931 1589 4022 Alia
1611 3925 1812 4043 ejusdem
1831 3955 1897 4016 τοι
2079 3965 2088 4038 ‘.

231 4105 300 4227 gis
323 4097 491 4203 charta,
522 4097 597 4190 die
616 4099 659 4190 V
680 4097 911 4205 Octobtis,
941 4129 1064 4190 anno
1088 4099 1435 4205 DCCCGVIII,
1455 4093 1575 4203 data,
1605 4096 1657 4182 in
1674 4089 1893 4184 tabulario
1968 4137 1972 4154 ,

234 4263 593 4357 essuos
668 4218 1395 4406 summ
1455 4204 1896 4412 uuas

230 4429 418 4523 Ernusti
437 4427 690 4518 cancellarii
711 4429 869 4550 signo,
899 4429 981 4546 qui
1000 4429 1052 4516 in
1072 4429 1223 4520 vicem
1238 4423 1458 4548 Piligrimi
1483 4421 1766 4543 recognovit,
1794 4443 1895 4538 non

232 4597 486 4716 discrepant
517 4596 573 4696 ab
602 4593 681 4702 iis,
712 4623 826 4718 quae
852 4592 961 4684 alibi
989 4573 1246 4704 (schannat
1273 4586 1442 4688 vindic.
1470 4583 1693 4688 Tauvtl.
1711 4587 1767 4696 2)
1800 4581 1893 4682 sed
