4476 5760
1066 493 1358 582 ..70...

372 689 555 807 signum
579 679 795 769 auxiliare
813 675 1080 796 appelletur..
1133 677 1202 765 Sit
1218 676 1282 762 ita
1293 711 1309 768 τ
1334 671 1474 763 modo
1499 674 1652 780 liceat,
1685 672 1830 801 Signi
1853 679 2044 768 nomine

371 850 520 939 literas
537 846 634 934 sive
655 844 880 964 singulas,
895 845 994 933 sive
1012 844 1189 962 plures,
1203 838 1609 960 comprehendere.¹
1662 844 1896 962 Negamus
1916 845 2043 934 enim

374 1034 421 1105 et
447 1037 774 1134 pernegamus,
809 1008 959 1127 signa,
998 1007 1094 1095 sive
1122 1004 1419 1124 principalia,
1461 1008 1556 1095 sive
1588 1009 1836 1115 auxiliaria,
1875 1017 2043 1125 σημεῖα

372 1209 467 1271 esse
494 1174 552 1265 ad
569 1176 750 1263 libitum
772 1172 1045 1290 excogitata3
1072 1168 1154 1259 sed
1174 1170 1292 1258 veris
1313 1198 1374 1258 ex
1391 1170 1554 1276 literis,
1578 1135 1741 1260 leviter
1766 1154 1943 1261 tautum
1970 1175 2040 1290 pi·

372 1342 466 1444 ctis,
485 1357 529 1425 et
546 1338 689 1458 magis
706 1336 942 1456 magisque
963 1336 1229 1427 festinanter
1247 1340 1441 1458 scriptis,
1461 1372 1516 1428 ea
1536 1361 1634 1430 orta
1653 1344 1756 1431 esse'
1769 1337 2042 1433 demonstra·

368 1507 523 1599 bimus
532 1503 688 1625 (259):
725 1500 855 1623 quod
878 1501 937 1591 de
955 1503 1015 1592 iis
1034 1505 1169 1592 etiam
1185 1504 1406 1594 affirmare
1432 1535 1532 1594 non
1547 1508 1835 1615 verebimur,
1856 1505 1915 1597 de
1935 1537 2041 1628 qua·

370 1703 474 1771 rum
497 1672 644 1760 forma
658 1670 721 1758 ob
740 1669 934 1791 longum
952 1673 1170 1789 temporis
1187 1671 1472 1761 intervallum
1490 1677 1604 1763 ratio
1623 1672 1713 1788 jam
1731 1671 1864 1762 reddi
1879 1675 2043 1794 nequit

370 1841 435 1962 (ᾗ.
453 1846 575 1959 249).
616 1840 695 1929 De
710 1837 938 1927 Plutarchi
957 1840 1100 1961 igitur
1110 1837 1259 1928 verbis
1272 1837 1335 1957 (ᾗ.
1346 1835 1429 1947 25)
1452 1837 1729 1932 Ciceronem
1751 1832 1937 1930 scribas
1958 1837 2041 1956 de·

370 2009 523 2097 ruisse
556 1997 837 2131 aquales&
856 2023 1030 2134 μικροῖς
1057 2015 1143 2104 καὶ
1167 2008 1374 2133 βράχεσι
1400 2007 1562 2120 τύποις
1576 2078 1582 2087 ·
1598 2012 1791 2105 πολλῶν
1818 2012 2043 2135 γραμμά-

373 2213 471 2278 των
491 2178 687 2290 δύναμιν
706 2178 912 2301 ἔχοντα,
944 2185 984 2272 si
1004 2180 1192 2302 quidem
1212 2180 1342 2269 illum
1362 2200 1495 2268 notas
1514 2179 1793 2268 Tironianas
1813 2181 1867 2268 in
1886 2201 2042 2272 mente

370 2357 584 2449 habuisse
605 2382 782 2471 ponere
808 2353 961 2457 liceat,
988 2353 1050 2440 ita
1069 2357 1311 2458 sentimus,
1336 2353 1541 2468 σημείων
1566 2380 1743 2439 nomeu
1763 2353 1826 2456 ei,
1853 2356 1935 2472 qui
1956 2385 2043 2442 no-

371 2546 436 2618 tas
457 2552 562 2613 cum
580 2517 842 2639 vulgaribus
863 2517 1002 2604 literis
1026 2519 1173 2607 obiter
1196 2519 1383 2606 fortasse
1409 2515 1669 2620 contulerit,
1699 2512 2040 2634 quodammodo

372 2678 731 2813 ignoscendum
750 2680 986 2796 analyseos
1001 2712 1115 2772 vero
1130 2685 1308 2774 ratione
1327 2681 1480 2771 habita
1492 2750 1508 2788 ,
1521 2711 1697 2770 nomen
1716 2678 1831 2770 illud
1848 2682 2039 2772 minime

372 2848 665 2975 probandum
692 2875 803 2936 esse.

482 3181 624 3304 §dp
676 3179 809 3271 Veris
834 3178 978 3271 literis
1008 3180 1205 3270 omnino
1229 3199 1438 3274 constant
1464 3182 1746 3272 Tironianae
1773 3168 1934 3295 notae}
1961 3213 2038 3274 ne.

374 3382 467 3475 que
482 3352 614 3469 signa
629 3365 756 3450 sunt,
782 3376 920 3464 quae,
946 3366 998 3434 ut
1021 3348 1252 3452 Sinensim
1274 3349 1405 3437 nullo
1417 3349 1751 3437 interveniente
1767 3345 1893 3433 vocis
1907 3377 2038 3456 sono,

374 3513 886 3641 cogitatioueproxime
900 3515 1231 3632 percipiuntur.
1286 3515 1481 3605 sienim
1505 3544 1566 3604 ex
1592 3544 1652 3601 eo
1674 3520 1823 3600 esseut
1847 3540 2050 3631 genere3·

349 3696 520 3775 'unum
545 3676 764 3797 idemque
786 3677 1080 3784 vocabulum,
1106 3679 1448 3799 pro'utdiversa
1472 3681 1527 3769 iu
1551 3709 1611 3770 eo
1638 3693 1863 3797 spectatur
1889 3675 2039 3766 ortho·
2119 3708 2126 3716 ·

374 3846 590 3972 graphia,
616 3841 794 3934 diversa
821 3842 1000 3931 ratione
1024 3875 1313 3968 nequaquam
1346 3847 1496 3937 notari
1523 3862 1678 3964 posset
1712 3842 2035 3963 (§312.174).

372 4017 540 4131 Neque
563 4041 661 4098 una
686 4010 936 4130 eademque
960 4030 1071 4100 uota
1096 4009 1294 4102 diversas
1325 4010 1598 4135 significaret
1625 4038 1722 4116 res,
1756 4030 1810 4100 ut
1852 3972 1932 4148 s)
1977 4053 2037 4083 -

378 4183 702 4281 Gomorra,
721 4198 767 4264 et
786 4179 1056 4267 transitum
1078 4176 1200 4292 (85),
1226 4196 1273 4266 et
1298 4207 1470 4266 nomen
1488 4180 1729 4297 propn'um
1755 4177 2036 4287 Commeati,

372 4348 539 4437 notarii
562 4341 799 4435 Ludovici
823 4348 894 4433 Pii
927 4348 990 4466 (ᾗ.
1011 4348 1135 4464 415).
1208 4346 1359 4438 Solius
1380 4347 1578 4437 literatae
1605 4348 1880 4466 scripturae,
1917 4376 2035 4467 quae

373 4517 478 4610 soni
492 4534 670 4609 tautum
692 4516 955 4610 interventu
970 4517 1261 4639 intelligitur,
1279 4544 1343 4606 ea
1361 4533 1428 4606 est
1446 4535 1629 4632 natura3
1658 4515 1923 4634 neutiquam
1942 4542 2041 4621 reas
