4722 5868
946 525 1229 647 47...

261 745 345 862 (in
394 741 626 836 elementis
673 740 778 828 artis
825 736 1143 858 diplomaticae
1189 773 1292 862 pag.
1330 737 1401 836 80.
1445 736 1485 859 ll.
1523 737 1639 858 71),
1697 739 1928 838 Grubemr

257 921 385 1029 (syst.
405 914 438 1000 Ι.
475 911 566 1024 143.
604 909 642 1026 p.
661 907 762 1028 29),
799 904 1133 997 schwarmerus
1164 910 1240 1020 (in
1259 926 1335 996 art.
1359 905 1468 1024 dipl.
1492 907 1648 1030 Hung.
1666 909 1733 1002 68.
1767 915 1805 1027 ᾗ.
1825 911 1931 1023 58),

256 1075 519 1168 Schwabius
560 1072 773 1187 (institut.
799 1067 908 1188 dipl.
927 1071 997 1158 61.
1027 1071 1067 1188 p.
1084 1071 1181 1183 40).
1230 1067 1441 1158 Huchius
1465 1069 1650 1182 ⁸(literar.
1677 1072 1788 1193 dipl.
1821 1079 1930 1186 272)

253 1241 420 1362 viginti
454 1238 658 1357 quinque
685 1236 827 1324 millia
857 1264 952 1324 esse
988 1231 1122 1346 dicit3
1164 1233 1580 1354 Sphoerremaruius.
1605 1241 1731 1352 (syst
1758 1243 1790 1328 Ι.
1819 1236 1928 1363 597)

253 1408 356 1525 plus
394 1403 560 1523 viginti
584 1401 796 1504 millibus.
877 1398 1058 1521 Quodsi
1087 1399 1403 1500 collectionem
1439 1399 1753 1508 Gruterianam
1785 1410 1931 1525 ipsam

257 1567 615 1688 perlustraveris,
644 1561 844 1669 videbis,
883 1589 983 1654 eam
1018 1584 1229 1654 centenas
1263 1565 1515 1686 nonaginta
1544 1595 1713 1656 novem
1740 1575 1928 1694 paginas

256 1735 518 1837 continere,
546 1760 737 1850 quarum
761 1728 997 1847 quaelibet
1013 1749 1102 1820 tres
1125 1732 1381 1835 columnas,
1412 1731 1615 1852 singulae
1634 1759 1743 1822 vero
1763 1737 1930 1836 colum.

253 1929 341 1989 nae
375 1896 435 1988 ad
458 1897 625 2018 viginti
651 1893 761 1984 duas
786 1913 916 2000 notas
940 1891 1141 2028 habent,
1160 1894 1285 1993 unde
1309 1925 1483 1984 summa
1509 1895 1701 2004 efficitur
1716 1921 1929 2000 notarum

252 2063 488 2175 tredecim}
505 2065 699 2154 millium
727 2082 909 2150 centum
940 2079 984 2148 et
1005 2063 1190 2181 triginta
1217 2073 1421 2179 quatuor,
1516 2087 1523 2104 ·
1594 2085 1599 2098 ·
1900 2028 1905 2037 Ι

250 2303 258 2314 .
360 2229 410 2344 §a
449 2255 517 2340 72«
581 2229 827 2314 Gruterum
856 2227 1038 2341 ipsum,
1087 2227 1235 2326 virum
1268 2225 1472 2342 alioquin
1501 2225 1560 2316 de
1588 2228 1728 2319 literis
1745 2238 1930 2352 optime

253 2393 488 2495 meritum,
516 2390 694 2514 nullum
716 2387 970 2492 doctrinae,
1001 2417 1090 2507 qua
1110 2387 1636 2518 praestabat„spe'cimen
1655 2393 1708 2479 in
1731 2399 1928 2490 curanda
1996 2479 1999 2484 .

254 2575 466 2647 notarum
491 2531 699 2654 editioire
720 2550 917 2660 dedisse,
947 2549 1161 2673 equidem
1186 2577 1376 2664 censeo3
1412 2577 1664 2690 parumque
1689 2555 1780 2647 hoc
1808 2533 1925 2680 epus

256 2746 400 2812 nosse
416 2718 658 2828 videntur,
685 2723 765 2842 qui
790 2721 918 2813 illrun
951 2751 1008 2808 ex
1036 2741 1238 2808 numero·
1260 2719 1539 2836 optimorum
1565 2741 1782 2822 notarum·
1795 2729 1928 2820 Tiro.

252 2886 493 2990 arianarum
529 2887 828 3004 interpretum
865 2911 961 3018 esse
1001 2883 1161 2982 dicunt
1200 2881 1267 3002 (ᾗ.
1287 2883 1380 2993 66).
1464 2881 1742 3006 Significatio
1779 2897 1924 3007 enim,
1997 2978 2001 2988 .

255 3051 565 3170 quaecuique
586 3069 721 3136 notae
742 3052 794 3138 in
814 3027 1081 3174 collectione
1103 3049 1492 3175 apponiturpnon
1519 3049 1574 3135 ab
1600 3052 1701 3168 ipso
1731 3078 1796 3146 est
1823 3092 1926 3180 pro.

252 3220 392 3321 lecta,
424 3213 504 3306 sed
525 3215 684 3333 priscis
712 3214 799 3302 illis
831 3214 1148 3331 scriptoribus,
1176 3213 1257 3332 qui
1277 3213 1421 3331 primi
1441 3231 1569 3303 notas
1577 3216 1828 3342 collegere,
1853 3225 1927 3318 de

256 3383 400 3474 betur.
457 3373 646 3478 Deinde
677 3379 751 3468 vel
781 3405 839 3470 ex
861 3380 985 3496 ipsa
990 3379 1302 3470 columnarum
1328 3377 1627 3500 dispositione
1654 3389 1756 3478 satis
1782 3405 1925 3510 patet,

256 3516 491 3654 elementis
538 3519 748 3635 notarum
787 3546 1033 3634 Gruterum
1067 3574 1229 3662 parum
1272 3545 1409 3636 fuisse
1444 3547 1682 3641 imbutum.
1767 3554 1926 3674 Quum

246 3711 383 3808 ‚enim
407 3711 600 3830 paginae
618 3711 777 3801 LXIII
797 3709 1009 3798 columna
1027 3709 1226 3800 secunda
1246 3711 1398 3801 finiret
1417 3733 1525 3804 nota
1558 3667 1653 3863 i:-
1678 3759 1736 3786 ==
1750 3715 1922 3831 Solum,

248 3877 509 3994 ,tertiaeque
562 3874 749 3976 initium
791 3893 905 3966 esset
961 3823 1083 4024 [3'
1098 3918 1159 3948 ε·
1198 3873 1548 3986 delementum,
1594 3805 1669 3965 ille
1715 3885 1921 3976 termina-

254 4043 431 4130 tionem
440 4057 515 4151 x
540 4084 599 4116 ε·
624 4059 725 4148 um,
767 4041 989 4162 quemad
1024 4043 1349 4164 complendum
1379 4068 1582 4154 nomeu
1582 4037 1743 4134 Solum
1770 4049 1924 4146 subter

257 4156 356 4344 L
381 4207 496 4322 poni
514 4227 698 4294 necesse
718 4225 830 4314 erat,
858 4208 910 4295 in
928 4209 1103 4299 tertiam
1123 4208 1380 4299 columnam
1398 4209 1625 4320 rejiciens,
1652 4241 1788 4334 super
1810 4239 1920 4324 nota

248 4367 604 4496 ιΘοίιιτνιωιέιιω,
640 4372 787 4489 quasi
820 4365 881 4464 ad
920 4369 1038 4465 hanc
1071 4377 1377 4494 pertineret,
1372 4369 1664 4486 collocavit.
1724 4379 1834 4498 Quo
1862 4385 1925 4474 fa-

256 4555 381 4628 ctum
417 4553 503 4644 est,
533 4554 585 4626 ut
608 4534 865 4630 terminatio
897 4544 987 4652 x,
1028 4571 1145 4662 quae
1170 4539 1228 4632 ad
1263 4541 1761 4638 absolvendam-uotam
1793 4542 1926 4677 Solag

1288 4705 1320 4804 8
