4744 5960
1062 520 1437 645 4460-

460 792 587 858 mum
605 755 819 871 reperitur
839 741 1107 854 (Ilhenferdi
1127 742 1313 861 op.'736.
1334 739 1450 852 750).
1504 737 1701 830 Graecos
1721 742 1854 853 etiam
1870 742 1920 831 in
1936 743 2118 866 Aegyp-

462 950 512 1016 to
547 918 760 1032 ejusmodi
787 918 926 1002 forma
954 941 1055 1000 usos
1102 938 1216 1012 esse,
1256 907 1436 1006 testatur
1475 903 1826 1010 Winkelmann,
1869 911 1950 1026 qui
1987 907 2116 1015 (laist

426 1159 434 1190 ,
464 1109 541 1198 art.
562 1088 617 1178 T.
630 1086 661 1172 Ι.
689 1082 739 1169 C.
753 1107 790 1170 a.
811 1111 856 1195 p.
869 1076 943 1181 55)
974 1105 1030 1160 ex
1052 1073 1349 1188 inscriptione
1372 1067 1567 1188 quadam
1595 1035 1880 1182 'eY-t-YXI,
1912 1103 1971 1161 ex
1992 1073 2121 1166 libris

464 1276 571 1340 vero
592 1243 762 1359 scriptis
791 1238 1034 1353 1÷41qe
1062 1239 1165 1350 (pro
1187 1233 1439 1334 HTAIPE)
1459 1235 1679 1334 vocabula
1703 1238 1842 1334 affert
1895 1238 1992 1328 lam
2008 1269 2120 1328 vero

467 1413 653 1500 duarum
687 1407 904 1502 linearum
924 1401 1134 1487 alterutra
1167 1397 1434 1487 delineanda
1465 1429 1607 1518 quum
1633 1399 1927 1517 supersedere
1952 1403 2123 1492 vellent

462 1573 619 1692 prisci,
646 1571 796 1656 literae
818 1560 1118 1654 antecedentis
1136 1563 1206 1649 vel
1226 1562 1539 1680 subsequentis
1556 1562 1677 1660 linea
1698 1563 1962 1670 utebantur,
1987 1569 2124 1687 eique

461 1754 753 1828 transversam
776 1745 949 1814 tantum
972 1720 1193 1812 addebant
1218 1723 1280 1841 (ᾗ.
1295 1724 1409 1830 203).
1468 1723 1621 1843 Quem
1650 1717 1850 1815 eundem
1877 1731 2125 1848 corripien.

464 1896 514 1986 di
537 1893 722 1984 modum
740 1890 994 2010 quominus
1016 1887 1294 1976 imitarentur
1315 1887 1477 1978 Graeci
1508 1887 1827 2010 tachygraphi,
1853 1894 2126 1992 obstiterunt

382 2121 385 2128 .
468 2060 533 2150 eis
553 2057 772 2151 vocalium
798 2083 830 2142 u
856 2067 899 2138 et
927 2081 940 2138 ι
964 2051 1016 2137 in
1045 2051 1164 2157 notis
1192 2050 1360 2170 figurae
1389 2098 1445 2118 --
1475 2069 1519 2139 et
1549 2053 1585 2141 l:
1625 2054 1792 2170 quibus
1832 2058 1871 2144 si
1907 2077 2125 2150 transver-

468 2179 561 2311 sam
593 2221 757 2309 lineam
794 2213 987 2316 addituri
1011 2215 1219 2318 fuissent,
1256 2232 1307 2300 ut
1335 2239 1417 2319 ru,
1457 2240 1521 2320 τι,
1557 2217 1707 2330 fieret3
1739 2249 1796 2308 ex
1826 2269 1884 2286 -
1916 2225 2127 2319 evaderet

466 2391 549 2508 †‚
577 2405 706 2506 atque
729 2416 786 2475 ex
813 2383 835 2470 I
864 2378 1019 2471 eadem
1037 2381 1181 2472 forma
1210 2383 1284 2486 ᾧ,
1325 2408 1434 2498 quas
1454 2409 1592 2466 nemo
1611 2411 1814 2498 unquam
1837 2380 2124 2481 discerneret.¹

467 2553 600 2640 Hane
626 2549 762 2668 igitur
789 2573 964 2636 causam
986 2545 1121 2633 fuisse
1144 2564 1281 2662 puto,
1312 2525 1458 2668 qnare
1474 2573 1558 2660 pro
1585 2545 1704 2632 linea
1721 2547 1921 2664 perlecta
1944 2547 2126 2647 duobus

469 2732 642 2802 tautum
662 2685 839 2828 punctis
856 2727 1107 2811 uterentur,
1137 2723 1435 2822 notarentque
1455 2723 1514 2802 :2-
1549 2711 1585 2806 ·Ι·
1603 2751 1678 2781 ·==
1706 2733 1790 2818 τοι,
1828 2739 1895 2814 τι,
1924 2734 2008 2802 oet.
2054 2708 2130 2808 Atss

473 2905 561 2996 que
581 2875 631 2970 in
652 2871 836 2971 Latinas
861 2901 1042 2990 quoque
1064 2871 1207 2970 literas
1226 2873 1500 2991 immigrasse
1527 2865 1664 2960 hanc'
1680 2872 1735 2963 τὰ
1762 2881 1799 2968 Τ
1837 2879 2031 2968 notandi
2064 2913 2128 2972 ra·

469 3043 661 3145 tionem,
693 3036 964 3129 documento
986 3054 1050 3126 est
1076 3034 1400 3155 compendium
1418 3035 1646 3126 scribendi
1674 3038 1796 3157 apud
1814 3045 2000 3135 Petrum
2020 3049 2130 3138 Dia·

471 3235 637 3295 conum
662 3204 897 3315 (Gothofn
911 3203 968 3290 L.
987 3202 1046 3289 L.
1066 3219 1232 3290 auctor.
1250 3202 1333 3290 col.
1357 3201 1475 3317 1507.
1496 3204 1555 3312 f.)
1584 3215 1661 3308 to,
1688 3235 1773 3323 pro
1794 3207 1929 3313 EST,
1957 3209 2011 3297 in
2038 3203 2128 3331 quo
2152 3247 2155 3256 ·

473 3370 597 3460 litera
623 3373 668 3464 S.
683 3349 752 3460 ita¹
762 3369 1024 3470 inclinatur,
1051 3385 1103 3453 ut
1121 3362 1324 3473 simul(
1349 3411 1406 3438 ε-
1425 3375 1460 3454 E
1479 3366 1846 3485 comprehendat
1905 3372 2022 3468 Duo
2050 3375 2132 3500 igi.

470 3551 542 3622 tur
573 3554 740 3650 puncta
766 3531 1018 3652 significant
1043 3532 1101 3621 T.
1174 3530 1340 3651 Neque
1373 3530 1593 3625 diversam
1626 3561 1721 3622 esse
1756 3535 1982 3622 rationem
2014 3529 2133 3624 com·
2186 3631 2203 3643 .,

472 3696 631 3818 pendii
655 3697 713 3813 ι’ἔ·
739 3727 823 3817 pro
855 3689 986 3798 EST,
1016 3689 1141 3812 quod
1160 3721 1217 3782 ex
1240 3695 1356 3783 libro
1387 3693 1639 3783 Caesellano
1662 3697 1731 3813 (ᾗ.
1751 3695 1864 3806 533)
1888 3691 2048 3802 adurli,
2073 3697 2132 3784 fa·

476 3867 558 3962 cile
589 3867 868 3986 perspicitur.
950 3847 1132 3948 Etenim
1148 3877 1336 3974 praeter
1364 3857 1539 3948 literam
1567 3861 1608 3948 E
1633 3878 1881 3950 transversa
1908 3861 2032 3952 Enea
2067 3892 2134 3951 su-

477 4031 764 4148 perimposita
794 4041 974 4114 notatur
989 4021 1042 4125 S,
1073 4017 1340 4144 duobusque
1370 4025 1550 4142 punctis
1578 4025 1706 4116 litera
1731 4026 1805 4116 T:
1835 4056 1970 4145 quam
1998 4027 2133 4116 etiarn

476 4221 570 4296 uno
595 4216 764 4313 puncto
786 4188 962 4311 saepius
988 4185 1038 4274 in
1059 4185 1178 4276 notis
1205 4189 1468 4282 Tironianis
1490 4191 1762 4314 significari,
1792 4221 1927 4310 supra
1947 4189 2133 4312 (daia)

482 4349 688 4452 diximus,
744 4387 747 4394 ’
