4756 5924
889 666 961 730 ·-.·,
1004 615 1085 736 371
1143 663 1202 688 -·

208 833 478 947 lectionem,
512 833 605 928 ubi·
620 839 640 944 (
652 828 761 958 ¹149)
798 827 891 926 hoc
920 831 1085 928 ordine
1109 849 1205 924 sese
1233 828 1493 960 excipiunt:
1536 829 1881 960 Coenaculam,

213 995 572 1113 Caenacellum,
611 1001 813 1093 canava
820 1055 837 1108 ,-
866 997 1059 1117 Camea'.
1141 997 1327 1088 Etenim
1362 994 1695 1091 Caenacellum
1723 1027 1883 1125 postea

212 1171 476 1264 collectioni
494 1167 675 1260 videtur
704 1195 799 1256 esse
825 1165 1058 1258 insertum·
1132 1165 1246 1255 Item
1274 1162 1332 1255 ad
1359 1166 1631 1256 vocabulum
1661 1169 1886 1264 Dramea

209 1330 415 1458 glossarii
451 1345 608 1426 auctor
634 1315 887 1462 adscripsit:
935 1326 1072 1444 post
1107 1326 1346 1434 Frameo:
1384 1331 1673 1440 ubter-evat,
1721 1311 1883 1456 quiid

209 1503 373 1592 frustra
402 1495 454 1588 in
485 1485 685 1609 ejusdem
704 1483 907 1616 glossarii
928 1481 1073 1584 littera
1098 1486 1138 1586 F
1160 1485 1459 1614 quaesiverat}
1489 1496 1728 1588 emendare
1750 1533 1881 1592 cona.

207 1679 283 1756 tus
300 1683 365 1753 est
387 1649 711 1752 F'ram'earum.
764 1657 888 1752 Male
907 1647 1096 1754 iterum:
1122 1667 1291 1774 spectat
1312 1661 1436 1748 enim
1456 1661 1784 1754 animadversio
1805 1668 1881 1757 illa

208 1823 271 1922 ad
299 1848 509 1918 notarum
539 1810 856 1914 collectionem
875 1820 1014 1928 (126).
1081 1813 1156 1913 Ad
1186 1826 1459 1916 vocabulum
1479 1827 1701 1918 Mutelus
1732 1831 1880 1944 adjici·

209 2009 318 2090 turz‘
331 1987 470 2114 post
489 1977 693 2105 thffus,
721 1979 866 2072 ante
883 1963 1111 2076 Rubrum.
1170 1981 1336 2109 Neque
1352 1991 1442 2081 hoc
1466 1988 1689 2086 intellexit
1705 1999 1881 2094 Areval.

213 2151 357 2252 Addit
374 2146 498 2248 enim
515 2141 719 2274 (p.476)'t
753 2146 890 2276 Quid
908 2135 989 2240 hic
1013 2135 1255 2275 glossator
1274 2152 1609 2262 annotaverit,
1632 2163 1880 2256 incertum.

212 2327 443 2418 Fortasse
472 2309 669 2426 innuit,'
702 2315 981 2409 Mutelum
1017 2349 1110 2406 esse
1148 2314 1432 2432 Iiztfsum,=
1469 2309 1607 2444 quod
1630 2324 1880 2444 antefecit

213 2482 488 2584 Rubrum.
546 2484 743 2574 Fallitur.
797 2483 1010 2601 Namque
1035 2483 1087 2568 in
1118 2503 1328 2574 notarum
1366 2475 1633 2578 collectione
1657 2491 1787 2600 (128)
1817 2497 1881 2584 ita

215 2656 409 2784 digestas
433 2653 630 2772 reperies
655 2667 804 2770 natast
834 2642 1011 2762 Rufus,
1039 2645 1273 2758 Mutiliae,
1299 2632 1507 2742 thbeust
1571 2651 1793 2777 Denique
1820 2657 1879 2752 ad

214 2821 489 2916 vocabulum
514 2802 749 2907 Trimitat
771 2803 959 2935 legiturz‘
978 2809 1123 2938 post
1154 2801 1301 2905 Urna.
1359 2807 1432 2907 Ad
1457 2849 1573 2938 quae
1589 2817 1772 2916 Areval:
1802 2823 1881 2916 Po.

219 2999 410 3106 sturno.-
467 2981 617 3100 Atque
641 2968 717 3092 alii
738 2969 872 3068 etiam
892 2972 1015 3068 illam
1033 2979 1277 3070 lectionem
1302 2997 1545 3099 vexarunt3
1574 3002 1627 3075 ut
1644 2985 1881 3100 semlerus

215 3145 299 3276 qui
323 3147 489 3238 Trivia
510 3133 818 3263 Proserpina,
848 3143 933 3232 vel·
958 3142 1181 3234 Trt'mata
1206 3151 1322 3264 post
1348 3150 1446 3236 tres
1473 3175 1627 3262 annos
1652 3151 1744 3274 legi
1772 3158 1883 3250 vulo

217 3315 349 3408 Adeo
365 3317 508 3402 venie
532 3331 576 3402 et
591 3311 750 3400 inanes
771 3310 1052 3423 conjecturae
1073 3333 1207 3430 saepe
1226 3307 1281 3400 ab
1302 3313 1359 3402 iis
1375 3315 1689 3439 proferuntur,
1715 3320 1881 3438 quibus

219 3482 334 3570 ratio
358 3467 688 3596 simplicissima
706 3465 823 3564 latet.
880 3467 936 3564 In
954 3489 1162 3568 notarum
1184 3479 1308 3567 enim
1333 3473 1600 3568 collectione
1624 3481 1747 3594 (156)
1775 3484 1882 3606 legi-

217 3665 313 3738 tur:
360 3635 517 3748 Urm,
552 3629 848 3747 Trimitalis,
888 3661 970 3748 cet.
1049 3637 1298 3762 Equidem,
1334 3607 1387 3732 ut
1418 3645 1680 3734 brevissime
1713 3644 1883 3755 dicam,

217 3801 336 3898 mihi
353 3803 624 3925 persuadeo,
652 3837 712 3895 ne
730 3806 984 3927 'glossarum
1001 3803 1187 3926 quidem
1211 3831 1437 3902 auctorem
1467 3813 1542 3899 illa
1571 3812 1790 3899 vocabula
1815 3814 1882 3922 in.

218 3979 467 4084 tellexisse,
507 3972 707 4099 ideoque
741 3979 943 4102 legentes
970 3974 1028 4070 ad
1058 4000 1267 4082 notarum
1298 3979 1611 4068 collectionem
1639 3979 1881 4094 remisisse,

217 4165 270 4234 nt
298 4171 357 4234 ex
382 4145 518 4249 serie,
546 4143 598 4232 in
632 4177 722 4266 qua
759 4139 973 4236 collocata
1002 4167 1126 4254 sunt,
1154 4179 1241 4268 pro
1268 4173 1347 4237 sua
1367 4147 1558 4268 quisque
1583 4163 1708 4266 parte
1735 4173 1789 4236 ea
1811 4173 1882 4234 ex-

219 4309 417 4430 plicaret.
1266 4287 1268 4294 ,

335 4471 376 4595 ᾗ.
404 4473 500 4570 382.
558 4481 682 4578 Inter
704 4509 803 4586 eos,
834 4509 1029 4599 quorum
1049 4477 1253 4583 interest,
1282 4495 1411 4564 notas
1429 4473 1702 4563 Tironianas
1723 4468 1883 4564 intelli>

221 4671 346 4762 gere,
374 4645 575 4762 primum
602 4646 808 4766 profecto
831 4643 983 4738 locum
1008 4663 1232 4766 occupant
1265 4643 1348 4732 arti
1381 4639 1692 4763 diplomaticae
1717 4635 1883 4746 deditis
