4778 5902
837 669 841 684 .
971 581 1030 626 ⁵*-
1082 548 1167 672 295
1221 589 1286 630 ψ’

324 805 327 816 ·
401 765 440 882 §-
462 761 566 854 351.
621 755 759 846 Unde
778 756 990 850 Cassellas
1006 765 1202 868 venerit,
1220 764 1465 854 memoriae
1491 763 1615 855 haud
1634 747 1867 886 proditum
1884 790 1960 865 est

294 929 529 1050 Quoniam
568 944 719 1014 autem
751 941 957 1042 tempore
994 925 1098 1014 belli
1124 927 1381 1020 tricennalis
1413 931 1660 1020 Hassorum
1702 938 1860 1052 copiae
1906 967 1964 1029 ex

294 1091 469 1182 abbatia
495 1083 710 1176 Fuldensi
740 1083 891 1201 plures
918 1085 1057 1182 libros
1087 1095 1415 1213 manuscriptos
1441 1097 1654 1186 Cassellas
1683 1099 1963 1212 detulerunt,

292 1254 505 1378 equidem
528 1255 736 1354 arbitror,
760 1239 888 1340 illum
909 1250 1076 1340 librum
1091 1252 1202 1342 inde
1224 1231 1497 1376 asportatum
1516 1289 1624 1351 esse.
1680 1265 1714 1351 F
1717 1294 1841 1354 orma
1868 1270 1963 1380 ejus

289 1443 377 1526 est,
408 1450 544 1539 quam
569 1447 653 1505 nos
679 1417 733 1502 in
750 1409 884 1529 folio
899 1417 1083 1504 'minora
1104 1393 1391 1538 appellamus.
1447 1422 1646 1512 Centum
1667 1425 1961 1549 quadraginta
2106 1467 2124 1478 -

292 1606 465 1706 septem
493 1582 683 1703 plagulis
712 1579 874 1699 (vulgo
894 1571 1061 1690 foliis)
1083 1601 1266 1673 constat.
1321 1586 1611 1692 Membrana,
1639 1589 1692 1674 in
1707 1621 1799 1708 qua
1814 1603 1960 1710 quum

291 1755 344 1859 is,
366 1771 463 1840 tum
480 1746 642 1865 reliqui
663 1743 779 1845 libri,
799 1771 912 1861 quos
933 1739 1248 1849 describemus,
1269 1751 1434 1838 exarati
1455 1769 1571 1857 sunt,
1592 1781 1690 1838 non
1713 1783 1772 1842 ex
1786 1757 1961 1848 tenuio-

291 1947 394 2018 rum
415 1909 605 2033 quidem
624 1909 986 2012 membranarum
1004 1939 1170 2026 genere
1192 1929 1278 2025 est;
1306 1936 1616 2007 verumtamen
1639 1919 1838 2010 colorem
1856 1923 1959 2013 satis

291 2079 443 2166 album
473 2073 619 2162 habet.
688 2073 910 2176 Plurimae
940 2073 1146 2194 plagulae
1161 2076 1322 2178 laeves
1350 2099 1475 2184 sunt,
1510 2099 1555 2170 et
1583 2081 1785 2199 quodam
1808 2083 1959 2176 adhue

290 2238 535 2360 splendent
555 2241 723 2351 nitore3
768 2240 1016 2348 nonnullae
1045 2269 1238 2358 asperae.
1313 2241 1497 2330 Locum
1521 2271 1620 2328 non
1641 2272 1822 2361 semper
1847 2278 1958 2337 ¹eun·

265 2478 273 2518 ,
292 2401 398 2518 dem
416 2391 582 2494 inimo
604 2405 806 2524 margine
826 2385 1051 2522 occupant
1068 2381 1317 2495 numerales
1338 2406 1616 2528 plagulamm
1636 2426 1790 2513 notae,
1821 2439 1957 2528 quam

265 2557 568 2691 'typographi
593 2569 869 2688 signaturam
899 2570 1145 2688 appellant;
1164 2566 1447 2688 plerumque
1479 2588 1630 2668 tamen
1655 2588 1956 2676 transversum
2057 2637 2060 2644 -

293 2739 388 2826 fere
415 2733 611 2858 ¹digitum
648 2733 702 2820 ab
730 2753 927 2824 extrema
951 2735 1145 2854 paginae
1172 2762 1251 2838 ora
1278 2731 1508 2822 recedunt.
1565 2731 1773 2854 Quilibet
1795 2765 1954 2856 scapus

219 3031 224 3044 ι
289 2920 396 3010 octo
420 2898 732 3017 complectitur
750 2899 962 3034 plagulas,
987 2921 1120 3038 arque
1140 2899 1193 3001 in
1213 2929 1365 3003 aversa
1382 2918 1513 3018 parte
1536 2900 1752 3032 septimae
1770 2897 1954 2996 demum

292 3067 497 3192 plagulae
525 3063 637 3173 (ubi
664 3092 756 3148 una
781 3063 901 3164 forte
927 3061 1122 3176 excidit)
1145 3067 1309 3188 legitur
1337 3098 1367 3181 q
1398 3097 1446 3172 1,
1491 3065 1542 3154 id
1567 3083 1651 3169 est,
1688 3066 1955 3189 Qraeaterm’o
1991 3117 1994 3124 ν
2082 3149 2087 3160 .

286 3239 465 3359 prima.
524 3225 765 3330 Custodes,
796 3255 910 3346 quos
930 3248 1114 3334 vorant,
1143 3229 1195 3316 in
1215 3230 1307 3317 fine
1327 3229 1596 3348 paginarum
1620 3227 1736 3315 nulli
1754 3248 1871 3324 sunt,

397 3401 442 3520 §-
469 3397 568 3484 552.
627 3391 870 3512 Quaelibet
892 3392 1059 3512 pagina
1082 3393 1133 3479 in
1162 3392 1271 3483 duas
1302 3393 1531 3482 columnas
1556 3391 1717 3510 partita
1737 3409 1821 3495 est,
1851 3421 1955 3510 qua.

289 3602 391 3668 rum
413 3588 600 3685 utraque
624 3559 790 3682 viginti
815 3577 989 3648 constat
1012 3556 1252 3660 versiculis.
1310 3560 1487 3646 Praeter
1510 3576 1775 3646 transversas
1801 3556 1954 3664 lineas,

292 3765 348 3824 eo
371 3685 566 3820 consilio.
585 3724 762 3826 ductas,
787 3739 840 3808 ut
864 3721 916 3806 in
943 3721 998 3808 iis
1020 3722 1318 3812 scriberentur
1338 3755 1512 3831 versus,
1543 3743 1734 3842 quatuor
1761 3721 1870 3810 aliae
1897 3719 1955 3809 ad

291 3887 670 4019 perpendiculum
697 3882 913 3974 demissae
936 3901 1061 3988 sunt,
1098 3889 1261 4005 quibus
1293 3895 1603 3983 columnarum
1635 3887 1818 3973 termini
1849 3913 1954 3973 con·

293 4065 544 4154 stituantur.
600 4053 774 4143 Omnes
805 4050 915 4137 istae
939 4047 1086 4137 lineae
1112 4049 1213 4141 stilo
1239 4072 1413 4144 tantum
1440 4051 1710 4144 membranis
1739 4069 1844 4140 sunt
1875 4051 1956 4140 im-

289 4188 490 4350 pressae,
518 4199 646 4306 nullo
665 4215 870 4306 adhibito
892 4216 1152 4337 pigmento;
1180 4247 1331 4340 neque
1363 4221 1453 4310 ulla
1477 4249 1630 4308 earum
1658 4217 1730 4306 vel
1755 4217 1957 4339 longior,

294 4393 367 4484 vel
385 4389 515 4478 latior
535 4403 622 4490 est,
653 4415 787 4504 quam
815 4387 913 4503 ipsa
930 4386 1154 4478 columna.
1210 4385 1392 4472 Literae
1415 4385 1609 4474 initiales
1638 4383 1782 4472 minio
1807 4381 1956 4502 plotae

294 4577 420 4653 sunt:
442 4572 688 4647 ceterarum
708 4547 832 4640 color
852 4547 963 4642 olim
987 4549 1120 4671 niger
1133 4545 1239 4657 luit,
1260 4579 1385 4641 nunc
1402 4550 1553 4644 luscus
1569 4547 1759 4644 ridetur.
1814 4548 1955 4640 Voca-
