4826 5890
1117 607 1425 696 ..,,,...

439 805 593 936 phos,
624 761 722 945 ²53
743 784 960 888 a'PHA.
986 836 1044 866 a·
1070 785 1387 908 Philosophia
1410 785 1561 906 (189),
1597 743 1752 926 ²55.
1779 827 1838 858 a·
1867 786 2115 876 PHPHLa

404 959 408 968 ⁸
445 1022 503 1050 ==
522 961 896 1089 Plziloplzasolio
919 959 1065 1071 (138),
1110 940 1257 1096 ‘lxv
1284 993 1343 1023 ===
1374 951 1542 1052 EPHV
1567 989 1625 1018 ===
1654 945 1937 1059 Euhemeri-r
1965 954 2115 1064 (124),

308 1266 310 1270 .
444 1116 596 1270 W
628 1175 687 1206 ε·
706 1130 883 1254 EPHV.
903 1167 961 1196 =-·-
983 1111 1212 1242 Eplrobus
1231 1117 1372 1225 (153).
1398 1158 1457 1178 --
1485 1112 1644 1234 Quum
1682 1112 1822 1233 igitur
1851 1115 1935 1201 iste
1967 1111 2116 1202 chara-

448 1329 540 1400 cter
556 1294 825 1419 inqualibet
849 1287 1012 1376 harum
1043 1305 1256 1374 notarum
1285 1277 1611 1400 conspiciatur,
1643 1306 1887 1398 earumque
1909 1277 2117 1366 omniurn

446 1463 714 1593 significatio
739 1439 958 1575 postulet,
997 1469 1048 1538 ut
1069 1451 1179 1568 ipsis
1206 1448 1349 1536 insint
1385 1445 1537 1534 literae
1567 1443 1673 1556 PH;
1709 1461 1829 1532 recte
1855 1427 1978 1530 inde
1996 1439 2116 1530 colh'-

449 1665 556 1762 gere
570 1627 720 1744 ¹nobis
745 1617 979 1720 videmur,
1008 1613 1099 1702 hoc
1125 1615 1226 1730 ipso
1254 1607 1505 1696 charactere
1539 1605 1783 1730 significari
1805 1600 1901 1692 PH.

559 1797 601 1914 d
635 1785 727 1878 128.
777 1781 1035 1908 ⁴Enimuero
1072 1795 1276 1898 naturam
1303 1769 1446 1887 ipsius
1479 1765 1774 1888 indolemque
1811 1759 2117 1884 investigandi

444 1961 701 2090 perictdum
721 1948 947 2039 faciamus.
1004 1935 1200 2025 Alteram
1227 1934 1319 2046 ejus
1347 1953 1521 2052 partem
1553 1932 1824 2024 simillimam
1846 1929 1994 2019 videri
2022 1929 2117 2015 lite·

447 2163 522 2222 rae
546 2129 600 2229 S,
629 2147 767 2208 nemo
787 2113 890 2214 erit,
916 2107 997 2226 qui
1015 2131 1113 2190 101
1131 2097 1464 2188 animadvertat.
1519 2097 1699 2188 Eodem
1714 2098 1839 2186 euim
1854 2097 1955 2214 ipso
1973 2089 2115 2180 modo
2272 2086 2274 2090 ’

447 2296 514 2386 Pa
544 2303 757 2376 notantur
769 2277 840 2395 (ᾗ
858 2271 949 2360 126.
963 2269 1076 2384 245).
1122 2267 1261 2354 Sunt
1283 2288 1432 2357 autem
1453 2269 1505 2355 in
1528 2261 1640 2373 illis,
1670 2297 1780 2388 quas
1809 2260 2131 2382 exposuimus,

443 2465 591 2564 notis,
631 2459 746 2574 quae
772 2439 1047 2563 impediant,
1077 2459 1171 2554 quo
1205 2431 1356 2520 minus
1382 2434 1556 2521 literam
1588 2432 1706 2522 Sibi
1725 2427 1970 2550 significari
1990 2443 2117 2542 pute-

441 2657 564 2730 mus,
594 2613 821 2738 siquidem
845 2599 1067 2727 quaedam
1092 2594 1331 2702 vocabula,
1348 2592 1439 2684 -his
1467 2597 1588 2682 notis
1620 2607 1791 2696 notata,
1825 2618 2117 2708 nequaquam

368 2859 372 2864 ,
444 2819 547 2884 eam
571 2779 830 2874 continent,
859 2787 910 2856 ut
934 2760 1202 2896 Pharotro,
1239 2754 1682 2848 Phoretrozonium.
1738 2756 1810 2841 Re
1829 2754 1990 2874 itaque
2020 2752 2117 2842 dili-

446 2955 626 3082 gentius
653 2941 924 3044 examinata,
956 2933 1049 3026 duo
1080 2950 1256 3022 tantum
1286 2938 1527 3042 supersunt
1559 2915 1709 3023 modi,
1735 2918 1957 3006 intortum
1988 2915 2116 3006 hunc

284 3220 287 3225 ,
444 3143 489 3215 ot
505 3139 709 3210 tenacem
725 3103 902 3198 nodum
918 3098 1137 3194 solvendi.
1194 3095 1350 3198 Unus,
1370 3108 1421 3178 ut
1448 3087 1501 3173 in
1522 3085 1666 3207 figura
1685 3081 1762 3170 illa
1781 3079 1868 3169 Phi
1887 3082 2114 3174 Graecum

330 3338 333 3347 1
441 3291 578 3382 latere
603 3297 864 3380 sumamus,
895 3268 1058 3360 eodem
1087 3263 1243 3352 calami
1281 3257 1421 3347 ductu
1453 3251 1564 3341 olim
1583 3253 1638 3359 >l
1667 3265 1895 3340 exaratum
1924 3250 2115 3357 (Montf.

306 3463 307 3467 '
443 3449 530 3572 pal.
554 3439 777 3552 (31556),
807 3465 864 3525 ex
887 3465 1004 3554 quo,
1028 3423 1331 3550 negligentius
1353 3419 1544 3507 formato
1570 3413 1642 3519 tls,
1663 3411 1714 3502 id
1740 3377 1894 3531 ipsum
1915 3411 2116 3532 denique

441 3614 500 3732 ‘5
529 3605 697 3698 sensim
734 3619 884 3688 ortum
912 3623 1037 3698 esse,
1075 3619 1173 3678 101
1202 3586 1394 3674 omnino
1425 3598 1659 3702 repugnat.
1737 3573 1952 3684 Accedit,
1989 3577 2116 3697 quod

445 3777 556 3866 aliae
578 3771 712 3859 etiam
732 3763 930 3886 Graecae
956 3755 1121 3857 literae,
1138 3741 1537 3865 videlicetOmega
1554 3743 1616 3860 (ᾗ.
1636 3741 1735 3852 125)
1760 3738 2115 3860 1011111145),

445 3942 499 4030 11
516 3932 782 4024 Tironianis
801 3917 1205 4044 deprehenduntur
1232 3912 1366 4000 notis.
1427 3911 1746 3996 Verumtamen
1768 3906 1849 3995 vix
1873 3924 1958 4013 est,
1987 3903 2116 4029 quod

448 4097 688 4220 impediat,
716 4091 985 4214 quominus
1012 4083 1146 4172 altera
1164 4077 1300 4167 etiam
1319 4067 1591 4192 'explicandi
1615 4073 1790 4160 ratione
1819 4103 1877 4161 ex
1902 4073 2012 4192 ipsis
2028 4073 2116 4164 La-

448 4267 555 4362 tinis
572 4278 781 4352 notarum
797 4245 935 4344 literis
957 4255 1149 4342 formam
1174 4242 1295 4332 illam
1319 4238 1547 4331 ducamus.
1604 4235 1851 4358 lungamus
1886 4238 2028 4358 igitur
2057 4253 2115 4317 Λ

453 4443 578 4546 01η
615 4415 891 4526 Tironiana,
940 4431 1072 4536 atque
1098 4376 1352 4514 videamus,
1392 4433 1528 4527 quam
1552 4403 1742 4526 figuram
1766 4401 1857 4490 hoc
1886 4402 2117 4493 scribendi

451 4577 596 4726 genus
613 4586 836 4711 possidet.
877 4584 985 4684 Sine
1004 4577 1145 4677 dubio
1168 4574 1308 4669 hanc:
1334 4588 1452 4686 (Ὶ.
1510 4572 1607 4668 Jam
1628 4599 1736 4664 vero
1757 4568 1932 4690 angulis
1956 4569 2006 4656 in
2031 4567 2116 4656 hac
