4744 5960
755 730 758 740 ,
913 670 970 692 -
1026 623 1110 750 485,
1148 669 1223 736 .-·

220 851 362 974 possit
393 846 444 935 in
483 839 675 944 eandem
704 841 783 932 ire
798 842 1088 944 senteutiam,
1120 841 1213 950 ejus
1244 836 1403 942 verba,
1433 835 1677 935 a.Trotzie
1710 841 1803 956 (erl
1816 845 1910 936 Hu.

220 1045 509 1146 gon.p.171.
535 1009 639 1127 175)
680 1037 778 1098 non
808 1006 1058 1111 intellecta,
1086 1031 1319 1122 apponere
1354 1003 1513 1120 placat.
1567 1008 1807 1128 Respuens
1837 1015 1918 1118 itte

223 1183 461 1276 Ciceronis
492 1193 752 1308 praecepta,
783 1169 842 1262 de
872 1171 985 1262 locis
1020 1187 1064 1256 et
1094 1169 1370 1288 imaginibus
1405 1167 1462 1258 ud
1483 1169 1804 1268 sublevandam
1826 1211 1918 1288 mea¹

222 1353 412 1442 moriam
435 1346 604 1434 animo
635 1333 974 1459 proponendisr
1014 1333 1274 1423 Habeamus
1310 1335 1456 1442 enim,
1484 1337 1567 1442 ait,
1596 1359 1721 1446 sane,
1751 1364 1802 1432 ut
1835 1350 1918 1466 qui

225 1515 345 1604 notis
377 1511 601 1612 scribunt,
641 1521 779 1596 certas
804 1503 1026 1626 imagines
1054 1502 1288 1605 omnium,
1327 1519 1371 1589 et
1406 1501 1507 1590 loca
1533 1476 1703 1614 scilicet
1726 1505 1917 1640 infinita,

225 1705 309 1795 per
333 1702 451 1792 quae
483 1669 645 1772 verba,
671 1695 791 1783 ‚qnae
822 1663 1011 1754 suntin
1043 1664 1248 1782 quinque
1282 1685 1438 1756 contra
1468 1669 1655 1782 Verrem
1692 1673 1919 1787 secundae

156 1856 158 1866 ‘
227 1841 419 1932 actionis
441 1835 590 1936 libris,
607 1829 920 1948 explicentur,
946 1843 997 1914 ut
1017 1828 1357 1944 meminerimus
1390 1833 1525 1924 etiam
1557 1839 1764 1930 omnium
1793 1846 1922 1964 quasi

229 2007 564 2126 depositorum:
593 2023 754 2086 nonne
778 1989 994 2111 impedi1i
1021 1990 1208 2113 quidem
1243 2023 1420 2104 eorum,
1455 2031 1570 2118 quae
1601 2001 1731 2112 dicit,
1771 2005 1923 2100 decur-
1958 1987 1960 1992 ⁵

229 2201 333 2262 sum
349 2194 533 2266 necesse
551 2181 626 2259 ,est
651 2157 825 2276 duplici
844 2158 1090 2276 memoriae
1114 2157 1255 2249 curu?
1299 2159 1424 2248 Haec
1442 2160 1530 2254 ille.
1571 2165 1925 2290 Tachygrapho.

230 2361 334 2420 rum
358 2329 497 2448 igitur
521 2344 672 2426 notas,
704 2351 808 2436 cum
835 2321 1109 2442 imaginibus
1133 2340 1372 2440 comparat.
1427 2321 1489 2410 At
1514 2345 1622 2413 veto
1647 2346 1924 2466 seraptenas,

231 2492 355 2586 haud
387 2524 480 2582 esse
506 2489 734 2580 arbitraria
763 2487 893 2608 signa
929 2487 1093 2578 asserit
1126 2489 1321 2578 Noun
1341 2486 1471 2576 verbi
1500 2463 1745 2610 imaginem
1778 2483 1925 2586 videri

233 2666 336 2787 quis
355 2661 527 2784 neget‘l
554 2663 642 2748 Ista
663 2675 814 2746 autem
832 2653 983 2772 imago
1004 2651 1142 2740 literis
1169 2623 1420 2774 composita
1447 2673 1534 2760 est,
1564 2686 1679 2776 quae
1702 2679 1807 2764 sunt
1827 2691 1925 2780 par.

229 2846 298 2916 ,tes
335 2826 485 2930 verbi,
522 2825 698 2947 vulgari
732 2825 866 2914 etiam
897 2818 1149 2909 charactere
1182 2820 1349 2938 scripti
1429 2823 1605 2944 Neque
1642 2826 1695 2914 in
1731 2829 1925 2950 vulgaris
1984 2861 1987 2872 ·

231 2993 479 3108 scripturae
501 2988 698 3078 lectione
721 2989 957 3110 quisquam
981 2988 1085 3103 erit,
1115 2989 1196 3108 qui
1217 2988 1414 3110 singulas
1437 2989 1566 3080 verbi
1588 2991 1735 3086 literas
1757 2995 1927 3088 iutuea-

234 3175 339 3265 tur;
389 3152 470 3244 sed
502 3155 766 3274 complexus
804 3155 1011 3244 omnium
1051 3151 1286 3270 praebebit
1324 3151 1452 3242 verbi
1502 3156 1630 3272 quasi
1663 3158 1923 3278 imaginem.
1983 3161 1992 3180 '

218 3319 375 3412 *Haud
392 3322 508 3412 male
530 3323 670 3444 igitur
689 3323 788 3412 Dio
814 3319 908 3436 (55.
932 3320 988 3411 ad
1012 3351 1050 3413 a.
1076 3321 1181 3438 746)
1212 3340 1365 3427 notas,
1395 3349 1504 3442 quas
1530 3351 1629 3410 non
1651 3322 1749 3425 solo
1774 3324 1923 3446 signo-

234 3527 338 3590 rum
364 3498 554 3588 nomine
575 3494 945 3618 comprehendit,
975 3501 1142 3613 σημεῖα
1162 3485 1457 3615 γραμμάτων
1486 3493 1692 3616 appellat
1712 3543 1769 3560 -
1796 3494 1924 3588 Cete-

235 3687 340 3746 rum
373 3653 497 3748 haud
526 3656 686 3760 miror,
725 3677 936 3750 notarum
965 3660 1219 3778 imperitos,
1260 3660 1464 3780 quamvis
1507 3659 1665 3754 doctos
1700 3662 1923 3770 homines,

237 3823 384 3911 literas
416 3821 470 3908 in
500 3819 556 3912 iis
580 3817 705 3910 haud
735 3825 1029 3941 perspexisse.
1083 3823 1210 3916 Idem
1240 3823 1456 3918 accidisse
1487 3825 1652 3918 Ottoni
1670 3829 1748 3932 ll,
1778 3825 1925 3917 Ekke·

238 3981 405 4074 hardus
428 3983 510 4099 (de
534 3987 667 4080 casib.
688 3987 875 4080 suun.
902 3991 1032 4087 C.1'6.
1054 3986 1310 4080 Senekenb.
1328 3987 1589 4078 stratam.
1611 3987 1747 4107 pbri)
1772 4003 1925 4085 auctor

240 4169 306 4241 est
330 4150 403 4244 his
432 4154 581 4245 verbis
612 4154 846 4268 (simodo
877 4178 1049 4250 nostres
1080 4174 1209 4248 notas
1238 4154 1462 4246 hocloco
1489 4153 1740 4276 intelligere
1774 4155 1927 4267 licet):

239 4381 266 4420 „
278 4312 566 4406 Eccehardus
585 4335 736 4406 autem
759 4318 1019 4414 notularum
1039 4326 1335 4442 peritissimus
1355 4353 1533 4444 poenae
1558 4327 1576 4437 (
1587 4323 1616 4412 l.
1633 4323 1805 4442 paene)
1838 4353 1931 4412 orn·

240 4481 319 4570 nia
339 4478 453 4572 haec
478 4478 649 4572 eisdem
666 4484 840 4574 notavit
859 4485 911 4572 in
931 4483 1083 4576 tabula
1105 4489 1267 4580 verbis.
1326 4489 1505 4611 Quibus
1531 4490 1642 4602 Otto
1664 4541 1722 4558 --
1739 4491 1933 4582 multum
1981 4539 1986 4546 ·

238 4643 484 4771 delectatus
513 4633 579 4740 est
608 4649 698 4740 sibi
728 4654 892 4746 relictis
925 4657 975 4772 (l.
998 4657 1226 4770 relectis),
1280 4688 1385 4748 curu
1419 4659 1517 4779 ipse
1547 4677 1723 4779 praeter
1756 4657 1936 4749 notulas

244 4812 362 4906 mihi
391 4813 445 4928 (l.
464 4802 610 4930 nihil)
640 4815 805 4912 viderit
840 4823 891 4910 in
920 4817 1114 4914 tabula'’
