4722 5868
965 549 1325 668 '--aa-

355 787 542 898 structi,
586 791 709 880 haud
746 787 933 911 quidem
970 808 1075 878 sunt
1113 792 1436 910 infrequentes·
1464 790 1609 904 (Nor.
1642 820 1717 909 op.
1748 785 1864 914 'dipt-
1888 797 2024 886 T.11.
2078 749 2081 758 ¹

356 991 402 1076 p.
421 965 571 1078 70·.¹)›
603 962 717 1077 quin
754 959 888 1044 etiam
920 957 1199 1075 praeclarum
1231 953 1346 1043 illud
1374 955 1648 1044 breviarium
1678 959 1870 1065 Alarici,
1898 959 2028 1079 quod

351 1123 439 1232 jam
470 1122 647 1208 saeculo
681 1139 808 1208 sexto
844 1118 1061 1236 scriptum
1102 1127 1196 1222 est,'
1227 1113 1448 1220 vidimus,
1488 1117 1598 1204 olim
1622 1119 1896 1240 Herbipole‚
1924 1144 2029 1242 post

351 1283 617 1389 Monachii,
649 1285 915 1373 Tironiauis
937 1286 989 1372 in
1009 1284 1212 1404 margine
1237 1283 1359 1370 notis
1390 1283 1553 1398 passim
1583 1291 1792 1373 ornatum
1819 1289 1881 1406 (p.
1902 1291 2010 1410 369)

355 1450 678 1536 Verumtamen
698 1445 791 1535 duo
805 1487 809 1496 ·
816 1448 1103 1566 potissimum
1132 1443 1413 1564 impediunt,
1444 1478 1536 1565 quo
1566 1449 1799 1538 minusad
1834 1427 2025 1573 antiqui.

352 1625 488 1700 tatem
500 1613 744 1730 scripturae
759 1613 1041 1700 Tironianae
1057 1608 1305 1700 eruendam
1327 1609 1496 1698 utiliter
1515 1607 1824 1700 adhibeantur.
1853 1617 2025 1724 Unum,

353 1773 481 1894 quod
492 1763 543 1862 in
552 1775 758 1893 pluribus
779 1776 1184 1866 horumlibrorum
1203 1777 1411 1866 non-nisi
1435 1773 1606 1864 scholia
1627 1777 1722 1865 sive
1744 1780 1938 1900 margini
1951 1779 2025 1871 ad·

351 1942 543 2057 scriptae
576 1937 987 2032 animadversiones
1011 1943 1133 2032 notis
1157 1941 1430 2030 Tironiauis
1453 1958 1655 2028 exaratae
1680 1960 1810 2047 sunt,
1840 1939 1898 2032 de
1925 1949 2024 2066 quia

352 2106 437 2196 bus
458 2133 556 2196 non
573 2125 760 2212 constat,
779 2126 933 2198 unum
957 2103 1141 2209 eodem,
1164 2136 1257 2223 quo
1281 2105 1398 2192 liber
1417 2107 1517 2220 ipse
1535 2125 1737 2196 exaratus
1759 2123 1849 2215 est,
1871 2141 1934 2208 au
1945 2145 2027 2231 po.

351 2271 535 2358 steriore
561 2290 767 2386 tempore
802 2267 978 2358 additae
1003 2269 1116 2356 sint:
1147 2265 1354 2369 alterum,
1386 2264 1514 2384 quod
1543 2285 1587 2354 et
1609 2267 1777 2358 horum
1791 2293 1840 2359 et
1858 2277 2025 2366 cetero-

350 2463 465 2524 rum.
483 2435 726 2538 librorum,
757 2435 837 2552 qui
867 2449 996 2520 notas
1027 2431 1302 2517 Tironianas
1325 2431 1584 2534 continent,
1613 2446 1673 2520 ne
1694 2433 1810 2524 nllus
1834 2437 2023 2556 quidem

351 2620 456 2688 ante
485 2568 689 2686 medium
732 2627 895 2686 aevum
930 2593 1121 2713 scriptus
1159 2595 1240 2697 sit,
1294 2589 1495 2711 ideoque
1527 2593 1585 2682 ad
1611 2597 1859 2714 primordia
1890 2604 2022 2692 Tiro

352 2768 511 2878 niano,
542 2794 649 2854 sane
673 2764 940 2866 vetustiora,
971 2753 1275 2851 examinanda
1291 2757 1442 2848 nullus
1462 2757 1607 2848 saciat.
1701 2803 1706 2817 ·

459 2931 499 3046 ᾗ.
529 2931 598 3040 37.
655 2927 791 3014 Libri
819 2927 939 3043 typis
966 2925 1115 3014 adhuc
1135 2899 1429 3062 promulgati,
1459 2923 1701 3045 inquibus
1732 2945 1867 3021 notae
1889 2935 2022 3026 Tiro.

349 3096 511 3184 nianae
543 3089 854 3198 dominantur,
887 3087 979 3177 duo
1006 3109 1131 3194 sunt,
1171 3099 1285 3209 quos
1313 3090 1484 3193 norim,
1524 3091 1729 3180 collectio
1759 3095 1942 3186 Gruteri
1977 3124 2020 3190 et
2137 3159 2146 3172 ·

351 3257 714 3379 diplomatarium
733 3251 966 3340 Ludovici
992 3255 1085 3358 Pii,
1116 3254 1455 3372 aCarpentiero
1476 3253 1659 3344 editum.
1724 3257 1801 3347 De
1825 3279 2019 3384 utroque

353 3424 615 3545 diligentius
634 3422 751 3508 infra
771 3419 902 3539 (ῥύῃ
920 3422 990 3534 77)
1009 3419 1361 3538 disputabimus:
1383 3417 1459 3508 hic
1481 3439 1664 3510 eatenus
1679 3441 1854 3514 tantum
1867 3459 2021 3519 earum
2084 3384 2086 3395 Ι

349 3590 571 3677 rationem
593 3584 833 3689 habemus,
864 3605 1084 3704 quatenus
1115 3615 1173 3674 ex
1200 3585 1310 3702 ipsis
1336 3587 1650 3706 antiquitatem
1667 3586 1798 3700 hujus
1820 3595 2022 3710 scriptio·

351 3755 423 3842 nis
450 3782 605 3872 emere
631 3752 752 3838 licet.
834 3749 1167 3840 Collectionem
1194 3747 1318 3838 illam
1348 3769 1450 3838 aute
1482 3751 1754 3871 Gregorium
1783 3755 1849 3840 M.
1875 3757 2023 3842 nenti-¹

353 3947 488 4038 quam
516 3915 746 4008 conditam
779 3947 899 4023 esse,
938 3949 1080 4036 quum
1113 3915 1219 4004 dies
1245 3917 1578 4042 rogationum,
1618 3913 1742 4022 cujus
1778 3917 1829 4002 in
1861 3925 1914 4004 ea
1944 3920 2024 4011 fiat

351 4085 548 4186 mentio,
576 4081 708 4194 hujus
728 4082 961 4172 Pontificis
981 4081 1263 4198 temporibus
1285 4083 1485 4201 primum
1503 4079 1705 4168 instituta
1720 4081 1800 4185 sit,
1827 4081 1904 4171 alii
1925 4089 2022 4205 qui.

352 4249 719 4371 dem-:observare
749 4248 834 4336 sibi
852 4247 937 4336 visi
961 4265 1077 4334 suut.
1133 4245 1216 4349 At,
1247 4276 1308 4334 ne
1327 4270 1564 4366 urgeamus
1595 4245 1739 4350 varia,
1769 4277 1884 4366 quae
1908 4247 2021 4340 huie

351 4413 409 4504 de
438 4417 585 4534 prima
620 4414 810 4532 origine.
829 4411 1006 4513 dierum
1033 4412 1323 4534 rogationum
1348 4409 1595 4501 sententiae
1633 4411 1808 4502 obstare
1835 4440 2025 4538 possent

351 4581 540 4690 (Boron.
558 4597 735 4696 martyr.
759 4577 841 4668 sub
873 4573 948 4668 die
973 4575 1168 4698 sape),
1184 4605 1257 4704 ,ne
1276 4575 1370 4691 ullo
1392 4571 1579 4695 quidem
1608 4576 1748 4670 verbo
1776 4572 1871 4672 dies
1892 4591 2022 4706 roga.
2110 4609 2127 4626 -’

1379 4738 1407 4832 5
