4722 5868
334 765 503 856 Nostra
517 779 666 850 autem
690 776 831 851 aetate
852 769 973 854 tauta
1000 777 1066 851 est
1083 757 1217 872 liujus
1238 761 1483 880 scripturae
1505 755 1781 880 ignorantia,
1812 774 1864 846 ut
1882 759 2001 848 casti·
2052 817 2055 822 -

330 928 471 1050 gandi
500 961 599 1032 uon
630 931 748 1024 foret
769 927 873 1014 finis
901 955 950 1020 ec
971 922 1157 1036 modus,
1187 929 1225 1014 si
1255 953 1413 1024 omues
1443 919 1501 1011 de
1527 921 1616 1012 illa'
1632 921 1908 1040 opinionum
1932 921 2003 1010 ab.

330 1092 565 1184 surditates
587 1091 843 1188 refutandas
872 1121 966 1180 esse
985 1091 1349 1182 existimaremus.
1383 1086 1629 1185 Poculiaris
1645 1059 1864 1178 nimiuuu
1881 1105 2006 1218 notu·

329 1289 432 1346 rum
448 1237 651 1370 indoles,
681 1258 754 1344 vis·
777 1274 822 1352 et
850 1273 1007 1346 natura
1032 1255 1154 1354 viros
1189 1256 1264 1353 vel
1294 1254 1574 1350 doctissimos
1600 1253 1730 1373 fugit.

335 1499 337 1507 ,
440 1424 479 1540 ᾗ.
510 1422 579 1515 5&
618 1403 745 1544 'Quo
773 1421 908 1516 etiam
930 1425 1097 1524 tasum
1119 1440 1203 1536 est,
1226 1435 1283 1518 'ut
1301 1417 1527 1522 mabillon
1553 1413 2001 1535 (desumptum),

329 1606 374 1695 et
405 1607 607 1677 auctores
635 1585 844 1678 chronici
868 1589 1185 1686 Gottuicensis
1209 1583 1390 1696 (lsi),
1412 1599 1457 1683 et
1478 1579 1743 1692 calmetius,
1773 1600 1818 1670 et
1845 1581 2000 1670 Pauci·

327 1750 487 1855 rollus,
517 1771 561 1840 et
595 1752 693 1859 alii,
724 1771 852 1841 notas
879 1751 986 1864 juris
1016 1755 1113 1852 sive
1138 1753 1293 1874 siglas,
1322 1750 1581 1871 vulgaribus
1617 1751 1756 1847 literis
1789 1751 1998 1868 scriptas,

302 1917 723 2034 ·cum¹Tirouianis
747 1914 1103 2042 confunderent3
1133 1938 1266 2039 atque
1288 1915 1600 2040 Gundlingius
1623 1917 1678 2017 ‚tn
1700 1913 1863 2014 eodem
1887 1934 2001 2010 esset

327 2082 462 2186 vitio,
504 2087 585 2202 qui
614 2085 740 2201 (hist.
756 2085 819 2180 lit.
834 2085 867 2178 Ι,
890 2083 997 2204 514)
1032 2081 1188 2169 Notas
1216 2087 1278 2171 ait
1307 2045 1603 2172 lironlunas
1631 2083 1796 2180 editas
1823 2105 1919 2178 esse
1943 2090 1999 2178 in

327 2237 603 2334 collectione
630 2241 1081 2354 Granemttlro'rmm,
1102 2273 1248 2367 quam
1271 2239 1522 2339 Putsclsius
1535 2241 1804 2378 vulgasset.
1854 2250 1999 2370 Quod

288 2512 291 2518 Ι
325 2425 474 2496 autem
495 2407 763 2528 plerumque
779 2403 993 2528 'accidere
1015 2407 1149 2523 tolet,
1178 2427 1230 2498 ut
1247 2438 1370 2498 error
1389 2429 1555 2508 crescet
1580 2409 1757 2516 eundo,
1787 2410 1838 2500 id
1862 2417 2011 2540 mam·

325 2575 498 2678 euenit,
541 2603 707 2701 quum,
738 2569 864 2692 quod
886 2590 1067 2672 temere
1097 2567 1213 2665 dixit
1230 2572 1479 2687 Mabillou,
1509 2571 1700 2672 Petrus
1718 2573 1997 2673 Diaconum

232 2785 238 2794 ·
291 2748 467 2834 ,notas
508 2733 802 2836 stramentis
831 2734 1154 2858 explicasse,
1184 2741 1302 2838 socii
1340 2737 1595 2839 academiae
1611 2755 1617 2832 ἱ
1633 2741 1996 2836 Barcenouensis

324 2899 475 3013 (Real
487 2901 628 2993 acad·
645 2901 707 2994 cle
733 2895 911 3000 [Bitenas
944 2898 1093 3003 letrae
1124 2901 1189 3002 ds
1210 2901 1263 3000 la
1292 2901 1482 3002 elidad
1504 2901 1567 3002 de
1584 2883 1874 3034 ssarcelons,
1900 2911 1997 3003 sive

325 3088 420 3158 acta
451 3065 587 3176 eiusd.
611 3065 731 3154 acad.
760 3065 879 3187 1752·
909 3070 967 3156 T.
981 3071 1086 3160 Ι.Ῥ.
1099 3071 1155 3160 ΙΙ.
1197 3069 1302 3167 C.2.
1337 3070 1500 3192 942⁶)
1532 3099 1631 3166 nou
1660 3071 1807 3160 solum
1834 3075 1997 3192 arripe.

322 3253 443 3339 rent,
472 3229 552 3322 sed
572 3233 706 3322 etiam
725 3251 941 3354 augerent
963 3230 1164 3330 diceutes
1192 3305 1218 3356 „
1232 3265 1342 3328 aere
1359 3239 1539 3327 incisas
1565 3267 1659 3336 ,esse
1691 3267 1717 3324 a
1736 3239 1867 3327 Petro
1885 3239 1996 3330 Dia·

324 3470 349 3511 „
362 3431 482 3492 cono
502 3409 632 3495 notas
652 3397 939 3502 Tironianes,
962 3427 1071 3516 quas
1091 3400 1292 3502 Romani
1311 3405 1609 3524 appellassent
1626 3401 1794 3532 siglas,
1810 3416 1996 3496 notam·

323 3597 446 3694 „que
476 3557 743 3694 quamlibet
771 3567 1017 3696 integrum
1054 3561 1340 3692 significare
1374 3563 1614 3668 verbum.''
1701 3569 1800 3689 Qui
1834 3603 1995 3664 omnes

324 3756 429 3826 suut
463 3735 713 3858 gravissimi
749 3761 933 3831 errores,
1177 3751 1180 3760 ·
1434 3806 1437 3816 .

429 3905 470 4022 ᾗ.
500 3901 568 4024 59.
625 3905 682 3992 In
715 3897 840 3992 aliud
854 3899 1029 3992 'vitium
1056 3901 1321 4028 'inciderunt
1339 3909 1389 4002 ‚V
1391 3907 1531 3998 ossius
1560 3901 1648 4013 (ad
1679 3900 1852 3992 Melam
1879 3902 1939 3991 L.
1957 3903 1994 3996 I.

326 4069 377 4160 C.
398 4095 461 4158 ια.
490 4097 536 4185 p.
554 4069 645 4187 64),
675 4066 921 4158 calmetius·
945 4065 1163 4181 (Memor.
1182 4071 1383 4172 Trevolt.
1403 4073 1525 4189 Sept.
1548 4100 1667 4187 1707.
1685 4099 1731 4188 p·
1741 4069 1889 4184 1622),
1916 4075 1995 4164 Fa-

323 4238 492 4325 bricius
518 4219 650 4340 (bibl.
671 4235 776 4322 Lat.
801 4229 872 4324 ed.
893 4235 1067 4332 Ernest.
1092 4236 1146 4336 ll,
1172 4237 1305 4356 nst,
1334 4238 1583 4356 ceterique,
1628 4236 1709 4356 qui
1740 4235 1876 4324 cifras
1896 4239 1992 4327 sive

323 4424 451 4493 notas
474 4400 742 4512 numerales,
774 4431 883 4518 quas
905 4400 1119 4490 Arabicas·
1140 4401 1278 4531 vulgo
1295 4421 1494 4506 uocant,
1516 4403 1566 4494 in
1584 4401 1705 4490 notis
1723 4399 1992 4496 Tironieuis

326 4565 667 4691 deprehendere
697 4565 786 4657 sibi
813 4565 901 4656 visi
928 4586 1054 4660 sunt:
1097 4567 1172 4656 cui
1200 4563 1389 4685 quidem
1414 4569 1554 4662 errori
1581 4598 1663 4662 suo
1695 4567 1799 4660 loco
1820 4565 1990 4696 (§.5r3)
