4476 5760
961 403 1273 502 ...558-

170 596 174 605 ’
286 628 423 715 niana
446 652 546 714 non
566 624 760 713 multum
780 621 1005 743 discrepat
1013 622 1102 737 ;··’-ι-
1116 656 1185 701 ,ε
1203 622 1314 735 Est,
1332 621 1469 743 quod
1484 632 1673 713 emota
1690 626 1791 712 ἰ--ο
1810 654 1961 722 ortum

277 820 385 881 esse
407 789 600 878 videtur.
660 790 811 908 Atque
842 789 978 877 etiam
1004 787 1415 912 langobardicam
1443 809 1489 876 et
1509 790 1790 881 Saxonicum
1817 809 1876 904 ‘ty
1901 844 1962 873 a

283 957 462 1047 Autem
494 957 645 1062 (Nov.
667 984 743 1072 op.
765 952 874 1072 dipl
895 957 950 1044 ll.
972 954 1069 1046 38&
1096 955 1329 1069 111544),
1366 955 1474 1042 licet
1507 985 1536 1041 a
1562 957 1818 1045 Tironiana
1852 984 1963 1051 nota

289 1142 348 1237 η
366 1123 444 1234 (5)
471 1121 609 1242 longe
637 1118 838 1224 recedat,
874 1151 973 1207 non
999 1123 1092 1209 nisi
1115 1151 1174 1209 ex
1194 1119 1287 1206 hoc
1307 1113 1537 1207 scribendi
1556 1150 1724 1238 genere
1751 1124 1987 1216 illustrari·

281 1304 450 1404 potest,
472 1316 616 1405 quum
635 1289 784 1404 prima
800 1285 920 1374 illius
943 1287 1209 1406 compendii
1226 1282 1355 1373 litera
1379 1278 1561 1376 b=A
1585 1304 1692 1374 vere
1708 1287 1965 1380 Tironiana

287 1452 368 1564 sit;
394 1469 529 1570 atque
547 1449 683 1555 illud,
713 1453 751 1539 si
766 1453 940 1569 primus
959 1453 1186 1540 character
1208 1454 1271 1538 ita
1296 1451 1571 1569 explicetur,
1600 1480 1715 1579 cum
1729 1454 1962 1546 Romano-

288 1645 392 1703 rum
425 1615 657 1705 scribendi
695 1615 972 1736 compendio
999 1617 1076 1705 A7
1106 1663 1165 1695 τε
1189 1618 1365 1708 Autem
1398 1615 1612 1725 (Putseh.
1644 1616 1783 1728 1665)
1823 1622 1962 1739 plane

288 1802 523 1902 congruat.
1381 1797 1385 1803 '
1875 1790 1881 1797 ’

402 1959 443 2074 q.
474 1957 569 2078 575.
626 1960 741 2053 Duo
764 1983 871 2054 sunt
890 1969 1199 2084 potissimum,
1229 1961 1286 2090 ad
1307 1990 1423 2083 quae
1440 1943 1705 2082 philologis
1718 1959 1963 2082 diligenter

268 2088 473 2243 ¹cognita
493 2143 537 2211 et
561 2147 794 2245 perspecta
821 2131 1048 2218 literarum
1068 2132 1121 2215 in
1147 2130 1344 2248 antiquis
1364 2130 1540 2245 scriptis
1565 2129 1711 2215 forma
1739 2132 1963 2248 prolicere

290 2286 446 2402 possit.
502 2287 727 2396 Alterum,
756 2313 808 2382 ut
837 2288 894 2385 de
917 2286 1059 2385 aetate
1085 2296 1304 2382 librorum
1326 2291 1613 2412 quorundam
1637 2301 1961 2419 manuscripto

289 2476 392 2536 rum
419 2453 583 2541 certius
621 2454 835 2564 judicent.
924 2463 1108 2549 Etenim
1146 2462 1198 2546 in
1238 2490 1333 2578 quo
1375 2458 1491 2546 libro
1527 2478 1657 2547 notas
1683 2452 1960 2556 Tironianus

284 2611 514 2708 adhibitas
537 2604 761 2727 viderint,
777 2655 881 2712 eum
898 2646 1001 2742 post
1023 2627 1251 2714 saeculum
1268 2625 1497 2715 decimum
1512 2652 1613 2712 uon
1643 2624 1873 2718 exaratum
1894 2662 1959 2723 es

288 2806 361 2886 se,
389 2812 650 2901 persuasum
675 2789 764 2876 sibi
789 2787 957 2877 habere
980 2808 1172 2907 possunt
1190 2786 1374 2906 (§.55);
1414 2791 1505 2878 nisi
1538 2809 1675 2878 notae
1697 2822 1797 2880 non
1825 2797 1960 2888 simul

284 2972 399 3036 ‘cum
437 2953 595 3040 ceteris
624 2954 675 3040 in
705 2924 760 3042 eo
791 2944 952 3059 literis,
983 2953 1064 3043 sed
1087 2956 1302 3044 insecutis
1331 2953 1516 3044 demum
1538 2957 1821 3074 temporibus
1856 2964 1959 3050 scri·

292 3129 396 3228 ptaa
418 3076 462 3202 et
477 3115 605 3206 fictae
628 3119 1006 3240 fuerintquffi).
1037 3119 1180 3241 Quod
1201 3141 1350 3211 autem
1363 3120 1547 3242 quidam
1559 3120 1717 3210 dicunt
1731 3124 1959 3231 (Gatterer

284 3271 403 3392 ›dipt
423 3306 491 3394 pr.
528 3282 644 3370 Tab.
664 3287 764 3374 XII.
785 3285 889 3401 25),
932 3288 1070 3377 libros
1101 3290 1223 3376 notis
1248 3289 1513 3375 Tironianis
1551 3289 1740 3405 scriptos
1777 3295 1957 3383 saeculo

285 3470 422 3530 nono
448 3442 724 3568 antiquiores
746 3483 845 3540 non
866 3446 1056 3558 exstare,
1085 3451 1136 3540 id
1158 3448 1345 3572 quidem
1368 3449 1426 3540 de
1453 3454 1510 3540 iis
1531 3472 1705 3539 tantum
1735 3458 1959 3574 accipien-

292 3602 404 3694 dum
437 3629 525 3714 est,
556 3644 670 3730 quos
699 3637 884 3709 norant:
913 3617 1139 3738 siquidem
1169 3639 1380 3707 notarum
1412 3650 1520 3708 usus
1551 3619 1689 3738 longe
1728 3620 1959 3740 antiquior

291 3774 426 3864 nobis
450 3797 514 3868 est
533 3782 748 3897 probatus
777 3786 919 3901 (qap.
937 3785 1032 3900 48).
1092 3787 1239 3890 Alter,
1268 3787 1350 3905 qui
1374 3816 1400 3871 a
1423 3784 1670 3904 philologis
1690 3781 1801 3872 inde
1815 3788 1960 3903 perci·

292 3939 441 4056 pitur,
479 3946 648 4036 fructus
676 3950 715 4038 is
744 3969 831 4054 est,
870 3949 995 4069 quod
1013 3954 1282 4040 variantium
1311 3954 1560 4041 lectionum
1597 3979 1749 4038 causas
1783 3950 1959 4059 facilius

293 4107 580 4224 perspicient.
640 4114 736 4232 Qui
758 4118 880 4203 enim
908 4112 1136 4236 scriptoris
1154 4119 1307 4205 locum
1335 4135 1634 4236 corruperunt
1664 4117 1856 4221 librarii,
1884 4121 1958 4207 vel

293 4269 551 4362 audituve]
583 4281 682 4368 visu
713 4302 816 4369 suut
834 4276 1044 4398 decepti:
1082 4286 1182 4387 illc,
1224 4314 1366 4402 quum
1392 4272 1553 4373 dictata
1582 4282 1697 4370 male
1723 4281 1956 4391 audirent3

294 4432 402 4540 hoc,
431 4475 572 4559 quum
600 4479 697 4538 nou
728 4473 961 4571 caperent,
993 4483 1108 4571 quac
1138 4471 1240 4542 ante
1265 4454 1421 4542 oculos
1447 4452 1685 4541 habebant.
1744 4449 1957 4569 Quorum
