4744 5960
887 655 947 674 ..
999 609 1085 729 459
1140 598 1198 676 -'.

212 878 235 914 a
361 827 436 930 Ξῠ.
493 825 590 944 Qui
618 821 751 935 hujus
784 822 939 912 literae
964 812 1163 939 capitalis
1195 799 1282 908 tres
1306 819 1465 908 lineas}
1476 827 1699 915 continuo
1718 833 1871 923 calami

219 998 359 1088 ductu
376 990 606 1082 'absolvere
628 979 888 1092 voluerunt,
920 975 1275 1104 ⁴{scripserim
1330 985 1469 1074 Unde
1487 993 1685 1081 cursivae
1705 999 1873 1092 formae

215 1117 410 1257 omnes}
429 1172 561 1269 atque
577 1143 710 1238 etiam
745 1149 791 1253 b,
819 1150 869 1234 in
886 1147 1295 1268 tachygtaphoruut
1313 1151 1456 1253 notis,
1483 1182 1756 1250 emanarunt.

357 1307 588 1432 'Optapdra
648 1309 805 1428 Quum
833 1309 1129 1400 scribentium
1159 1311 1384 1400 festinatio
1416 1342 1514 1402 non
1540 1333 1787 1436 pateretur,
1824 1353 1875 1424 ut

211 1483 428 1586 circulus,
456 1502 550 1597 quo
574 1467 686 1566 haec
706 1477 832 1564 litera
856 1495 1046 1582 constat,
1075 1489 1197 1568 totus
1215 1467 1538 1594 absolveretur3
1565 1485 1694 1574 facile
1715 1490 1874 1583 intelli.

213 1650 356 1768 gitur,
385 1666 464 1730 cur
485 1642 537 1726 in
558 1637 969 1761 tachygraphorum
997 1644 1117 1729 notis
1141 1643 1332 1730 formam
1376 1647 1405 1743 ς
1446 1642 1618 1736 habeat.

187 1899 191 1912 ,
359 1807 438 1904 ΠΙ..
464 1919 467 1928 .
498 1793 711 1919 Capitalis
734 1800 866 1914 hujus
888 1794 1040 1894 literae
1062 1806 1205 1892 forma
1231 1807 1283 1893 ut'
1304 1801 1478 1897 facilius
1506 1841 1609 1898 curn
1636 1817 1797 1912 vicinis
1825 1826 1873 1914 li-

217 1990 413 2095 geretur,
433 1961 484 2054 in
504 1957 653 2054 charta
672 1961 745 2054 illa
766 1995 1014 2086 papyracea
1029 1967 1090 2059 ita
1108 1992 1173 2060 est
1194 1963 1386 2065 detortas
1413 1968 1473 2081 η
1486 1977 1671 2086 (Schow
1691 1985 1870 2100 Tabl),

215 2139 357 2258 magis
381 2135 536 2223 etiams
570 2129 610 2230 ‘7
649 2131 791 2242 (ibid.
812 2135 887 2221 ΙΙΙ.
915 2136 1084 2238 ool.1v,
1114 2135 1165 2221 in
1195 2140 1391 2254 σεροιπ),
1422 2133 1496 2224 cui
1520 2136 1793 2243 simillimum
1816 2175 1873 2244 ta.

218 2299 583 2422 chygraphorum
631 2305 684 2408 ‘q
726 2297 782 2386 ad
816 2301 1029 2416 priscum.
1045 2293 1327 2388 Phoenicum
1375 2295 1428 2405 ,9
1476 2331 1626 2393 rursus
1662 2311 1873 2404 accedere

214 2466 404 2559 videtur.

366 2617 463 2724 ‘Pet
510 2618 642 2718 'Nihil
666 2649 848 2746 prorsus
869 2615 1139 2720 difficultatis
1163 2621 1318 2734 babet,
1335 2653 1449 2748 quae
1474 2625 1525 2719 in
1545 2633 1665 2722 notis
1688 2658 1771 2743 est,
1791 2635 1871 2730 hu.

212 2799 280 2912 jus
299 2796 451 2885 literae
468 2787 612 2882 forma
647 2793 699 2901 f,
728 2794 823 2880 sive
842 2874 847 2882 ,
867 2799 922 2902 ο.
964 2790 1117 2912 ¹Quod
1138 2795 1282 2900 enim,
1312 2817 1454 2912 quum
1472 2793 1751 2888 festinantius
1769 2808 1871 2891 scri.

213 2963 414 3062 beretur,
434 2979 532 3042 non
551 2949 859 3060 claudebatur,
881 2976 933 3044 ut
954 2955 1173 3048 etiamad
1214 2955 1463 3077 7speciem
1487 2955 1722 3077 acciperet,
1741 2961 1789 3054 id
1805 2965 1872 3059 in.

214 3125 273 3216 de
302 3155 328 3212 a
350 3109 657 3212 remotissimis
673 3122 952 3236 temporibus
971 3123 1060 3235 jam
1079 3124 1246 3212 facturn
1271 3137 1356 3226 est,
1385 3123 1513 3208 utin
1542 3121 1698 3212 eadem
1724 3122 1873 3218 charta

212 3286 409 3404 (Schow
437 3281 551 3374 'Tab.
567 3286 627 3394 Ι).
1448 3359 1452 3368 ,
1637 3284 1640 3293 ’

362 3451 529 3566 Σῖγμα.
572 3453 644 3542 Ex
672 3447 712 3544 Σ
738 3445 836 3538 fieri
874 3459 946 3558 Ε,
978 3437 1145 3539 deinde
1164 3441 1227 3554 C,
1255 3447 1395 3571 idque
1413 3443 1553 3571 sigma
1578 3446 1780 3542 lunatum
1797 3483 1871 3574 ap.

212 3611 395 3740 pellari,
424 3609 541 3702 inter
570 3641 727 3702 omues
753 3633 934 3706 constat.
993 3613 1142 3734 Atque
1163 3611 1255 3706 hoc
1275 3612 1408 3702 etiam
1428 3613 1622 3704 innotis
1642 3613 1871 3739 tachygta·

213 3784 411 3906 phorum
438 3799 678 3896 comparet.
1642 3786 1647 3794 '

360 3943 468 4038 Ταῦ.
526 3938 863 4060 Antiquissimis
886 3939 1009 4029 haud
1040 3938 1178 4030 dubie
1206 3937 1339 4054 hujus
1371 3944 1522 4033 literae
1549 3942 1704 4034 formis
1731 3941 1871 4044 adun.

215 4108 427 4204 merenda
447 4123 511 4201 est
534 4139 609 4213 ea,
640 4139 728 4228 qua
747 4110 867 4196 linea
886 4109 1054 4196 lineam
1073 4110 1320 4196 intersecat
1360 4109 1425 4194 Ita
1442 4109 1492 4194 in
1510 4107 1660 4196 numis
1678 4103 1872 4196 Phoeni·

217 4307 321 4366 cum
349 4277 625 4392 conspicitur
655 4277 733 4382 †‚
770 4273 823 4368 Χ
857 4273 951 4361 sive
987 4271 1059 4387 †‚
1086 4273 1139 4362 in
1165 4273 1326 4362 tabulis
1345 4269 1602 4392 Eugubinis
1625 4271 1706 4378 ὃς,
1737 4292 1870 4393 atque

214 4445 265 4530 in
283 4441 434 4529 nunu's
451 4411 981 4526 Hebraeo-Samaritauis
1010 4434 1078 4526 Χ.
1137 4433 1317 4556 Quibus
1333 4435 1488 4526 formis
1513 4439 1691 4559 egregie
1716 4439 1872 4524 confir·

215 4629 361 4698 matur
388 4606 520 4720 hujus
550 4605 702 4694 literae
730 4601 994 4720 descriptio,
1026 4627 1141 4720 quae
1171 4597 1293 4720 apud
1316 4599 1555 4722 Originem
1585 4619 1631 4690 et
1644 4593 1870 4716 Hierony-
