4744 5960
928 599 1126 716 ...437
1181 623 1241 670 ...

220 869 325 936 rum
353 779 682 930 ¹vocabulorum
714 775 1096 955 perinutalionelir
1126 817 1178 904 in
1213 811 1520 936 describendis
1558 813 1734 934 legibus
1759 833 1921 938 ,petpn

221 1041 319 1099 ram
348 1004 509 1093 factam
541 1012 871 1116 saepenumero
898 991 1194 1078 observarunt
1218 983 1305 1072 viri
1328 977 1451 1070 docti
1487 981 1619 1092 (Best
1647 1000 1723 1068 rat.
1745 983 1921 1072 emend.

222 1161 311 1296 leg.
347 1203 382 1262 1.
417 1200 455 1281 7.
489 1191 528 1254 2.
569 1155 903 1300 Bynkershoek
932 1155 1103 1242 observ.
1135 1183 1172 1262 7.
1207 1181 1242 1238 1.
1271 1165 1316 1238 et
1345 1144 1414 1236 25.
1453 1145 1590 1264 §leik
1634 1177 1685 1234 ea
1717 1137 1956 1266 profecto

223 1338 364 1450 major
402 1331 536 1423 etiam
570 1347 636 1416 est
667 1321 916 1416 similitudo
942 1318 1197 1440 vulgarium
1225 1314 1458 1434 siglarum,
1486 1309 1711 1430 siquidem
1728 1345 1824 1410 uno
1852 1345 1924 1406 eo.

225 1501 421 1613 demque
453 1493 498 1612 Q
529 1512 573 1580 et
609 1491 738 1617 Quia
762 1489 1063 1609 significatur,
1091 1503 1137 1574 et
1166 1480 1277 1608 Quo
1297 1480 1578 1592 (Manutius,
1607 1481 1770 1571 Sertor.
1795 1483 1924 1574 Ursa-

223 1683 314 1766 tus,
345 1657 551 1775 aliique).
618 1656 692 1740 Ex
731 1653 915 1770 reliquis
945 1681 1055 1738 vero
1091 1650 1370 1740 diversarum
1406 1649 1658 1738 lectionum
1689 1649 1922 1767 exemplis,

225 1852 342 1943 quae
363 1821 483 1906 notis
507 1814 776 1902 Tironianis
797 1816 1099 1934 transscripsi,
1125 1817 1257 1905 facile
1292 1816 1497 1935 apparet,
1522 1815 1712 1903 minime
1749 1845 1808 1903 ex
1841 1815 1920 1903 illo

225 1988 373 2086 fonte,
413 1979 568 2070 falsam
605 2007 812 2070 emanare
839 1983 1047 2101 ‘potuisse
1082 1983 1339 2074 lectionem.
1420 1981 1539 2069 Sunt
1570 2009 1679 2068 vero
1716 1977 1922 2095 exempla
2068 2013 2072 2020 ⁴

224 2145 358 2236 haec:
395 2147 450 2231 In
477 2143 505 2234 l.
527 2176 566 2256 7.
597 2145 636 2262 p.
657 2143 698 2235 8.
722 2142 780 2233 de
801 2145 977 2257 injuriis
996 2147 1207 2264 Cujecins
1225 2147 1363 2265 (Obs.
1386 2177 1426 2268 9.
1454 2147 1531 2256 16)
1566 2174 1651 2264 pro
1675 2142 1920 2234 Praetoris

225 2315 377 2434 legere
410 2309 580 2398 mavult
601 2305 775 2427 Populi
791 2309 1017 2402 Romani.
1076 2317 1288 2439 Quorum
1318 2311 1562 2438 verborum¹
1586 2311 1790 2432 vulgares
1826 2309 1922 2430 qui.

213 2487 333 2576 *dem
360 2485 497 2605 siglae
531 2482 741 2599 decipere
768 2500 1017 2598 potuerunt
1042 2487 1297 2601 librarium;
1339 2486 1604 2607 neutiquam
1637 2479 1918 2572 Tironianae
1966 2611 1968 2616 ,

225 2671 380 2762 notae,
410 2669 651 2774 quaesunt
690 2601 743 2809 ‘i
806 2653 1028 2762 Praetor,
1052 2669 1177 2778 Α(
1209 2656 1414 2780 Populus
1435 2659 1692 2750 Romanus.
1748 2648 1921 2742 Eadem

226 2832 340 2918 ratio
372 2830 520 2916 estin
553 2825 873 2920 emendatione
919 2833 947 2918 l.
973 2866 1007 2919 1.
1032 2831 1087 2920 ad
1110 2833 1138 2920 l.
1162 2835 1243 2926 lul.
1275 2833 1332 2924 de
1360 2835 1409 2922 vi
1440 2831 1555 2952 priv.
1576 2831 1659 2920 ubi
1683 2826 1807 2917 idem
1830 2855 1950 2944 pro-

226 3001 353 3094 Enrn
380 2997 597 3088 ordinem
624 3003 808 3120 reponit
825 3001 1199 3128 erotnordecirn
1221 2999 1474 3096 ordinibus
1493 2957 1614 3150 (ἵ
1636 3011 1777 3112 Eum,
1819 2959 1922 3137 q}

230 3171 630 3296 Quatuordecim).
700 3176 867 3294 Neque
899 3173 1256 3266 Tironianarum
1279 3195 1490 3264 notarum
1519 3177 1816 3266 similitudine
1845 3177 1920 3266 de·

230 3353 324 3470 cipi
342 3349 494 3468 potuit
514 3348 720 3438 librarius
742 3348 794 3436 in
818 3349 882 3439 eis
899 3347 1194 3458 lectionibus,
1223 3379 1332 3469 quas
1349 3347 1570 3468 proponit
1587 3345 1925 3484 Bynkershoekl
2003 3455 2006 3460 ¹

231 3524 368 3641 (Obs.
378 3525 433 3612 V.
460 3554 524 3645 19.
543 3542 587 3612 et
609 3519 703 3632 25),
739 3549 969 3640 reponens
998 3520 1050 3606 in
1078 3520 1106 3608 l.
1126 3545 1194 3638 49.
1213 3549 1280 3637 pr.
1308 3516 1517 3640 delegat.
1539 3520 1580 3614 5.
1609 3524 1802 3609 comites
1830 3553 1916 3641 pro

229 3719 445 3804 comatos
461 3696 576 3826 (Π
614 3711 799 3818 Comes,
826 3658 1252 3860 memnon
1281 3709 1332 3798 in
1361 3711 1389 3800 1.
1412 3735 1479 3820 27.
1504 3707 1562 3800 de
1590 3711 1760 3804 condit.
1784 3733 1827 3801 et
1844 3712 1918 3803 de-

230 3936 594 4022 monstrantem
624 3889 698 4081 s
739 3958 824 4046 pro
850 3937 955 4016 turn
982 3907 1094 4040 Ἲς
1145 3929 1197 4016 in
1240 3927 1268 4016 l.
1301 3925 1342 4016 6.
1379 3923 1436 4016 de
1468 3928 1595 4049 pign.
1615 3948 1683 4016 aet
1725 3929 1916 4048 hypoth.

155 4253 158 4262 y
225 4137 431 4263 perinde
455 4151 556 4256 W
593 4175 678 4264 pro
700 4143 912 4266 proinde
940 4100 1102 4294 qfij
1139 4144 1191 4232 in
1221 4143 1247 4232 l.
1268 4170 1323 4234 22
1354 4141 1412 4234 de
1432 4175 1537 4234 ann.
1558 4115 1685 4268 legat.
1695 4141 1920 4262 finiisset

213 4325 317 4502 'pro
333 4379 519 4500 furser
549 4378 686 4540 (sy
750 4322 1013 4580 sensu<
1048 4391 1199 4506 sunu
1227 4394 1278 4481 in
1302 4395 1329 4483 1.
1352 4429 1391 4516 9.
1417 4397 1459 4516 p.
1484 4423 1525 4512 4.
1554 4395 1611 4486 de
1631 4399 1846 4521 interrog.
1864 4401 1916 4488 sn

232 4631 630 4759 juramentique
658 4633 760 4745 V*
789 4665 873 4754 pro
905 4635 1073 4757 itaque
1108 4598 1214 4799 [Q
1249 4635 1299 4722 in
1329 4635 1357 4725 l.
1385 4671 1420 4735 1.
1444 4635 1483 4754 ᾗ.
1504 4635 1544 4726 5.
1575 4633 1633 4726 de
1667 4637 1916 4728 remission.
