4896 5890
496 743 618 840 litera
648 747 959 847 omitteretur,
1003 741 1150 859 posito
1193 745 1401 866 exemplo
1438 743 1861 840 demonstrabimus.
1932 755 2067 848 Nota
2105 759 2147 866 b

495 909 628 1029 (qnae
657 909 845 1034 quidem
876 901 995 1026 apud
1028 904 1270 996 Gruterum
1297 935 1409 1026 Μ,
1437 927 1594 998 contra
1614 908 1755 1000 fidem
1779 917 2014 1026 omnium,
2044 955 2162 1043 quos

494 1072 706 1184 vidimus,
742 1075 960 1164 librorum
985 1071 1410 1188 manuscriptorum,
1445 1103 1530 1194 per
1550 1075 1716 1174 vitium
1744 1077 1885 1199 ligni,
1915 1085 1994 1184 cui
2020 1086 2167 1178 incisa

492 1263 574 1350 est,
614 1245 906 1336 deformatam
939 1239 1130 1360 figuram
1157 1250 1208 1350 x
1238 1247 1564 1356 repraesentat)
1591 1239 1749 1329 ultima
1775 1261 1843 1332 est
1871 1243 2003 1338 litera
2028 1257 2164 1370 parti.

489 1411 609 1501 culae
626 1407 807 1516 nier,
834 1435 976 1528 quam
998 1401 1083 1492 hac
1103 1421 1211 1491 uota
1227 1401 1469 1522 significari
1489 1403 1676 1494 volnere
1689 1403 2004 1532 tachygraphi
2064 1421 2163 1510 Jam

485 1583 561 1698 qui
584 1579 787 1698 ejusdem
816 1569 1049 1674 vocabuli,
1075 1567 1332 1690 vulgaribus
1348 1566 1486 1656 literis
1515 1574 1733 1694 correpti,
1759 1575 1954 1670 formam
1981 1585 2033 1680 ¹!
2056 1589 2166 1696 (Ma.

483 1731 574 1869 gno
604 1783 672 1872 ap.
695 1740 912 1838 Gothofr.
936 1739 1063 1857 1490)
1092 1731 1300 1822 attentius
1325 1730 1604 1850 inspexerit,
1640 1765 1743 1825 uon
1772 1767 1908 1862 aegre
1931 1743 2162 1858 inveniet,

483 1918 532 2004 in
562 1917 651 2008 hoc
677 1924 1092 2034 monogrammate,
1126 1931 1219 2024 quo
1245 1899 1421 2018 saepius
1451 1895 1719 2006 sorberetur,
1759 1931 1816 1992 eo
1851 1911 2163 2034 negligentius

482 2082 653 2186 literam
677 2085 728 2171 N
753 2081 947 2202 pictam,
978 2089 1112 2191 atque
1148 2097 1203 2156 eo
1232 2065 1398 2156 sensim
1421 2061 1514 2152 boc
1537 2061 1867 2182 compendium
1886 2073 2167 2188 perductum

484 2279 599 2354 esse,
627 2271 679 2339 ut
699 2245 777 2336 illa
791 2243 923 2340 litera
938 2261 1122 2357 prorsus
1138 2244 1439 2328 evanesceret,
1468 2224 1652 2344 solaque
1680 2227 1728 2314 L
1752 2257 2019 2350 superesset,
2077 2249 2163 2336 Ea,

378 2432 384 2442 .
480 2417 587 2511 dem
607 2417 784 2506 satione
803 2397 1133 2524 compendium
1160 2388 1389 2484 scribendi
1415 2389 1476 2507 ὦ
1504 2390 1605 2503 (ἰ),
1634 2421 1728 2509 quo
1759 2395 2024 2506 coniunctio
2056 2407 2164 2494 veL

480 2586 635 2682 medio
650 2611 767 2672 aevo
783 2574 1051 2672 notabatur,
1080 2595 1138 2654 ex
1162 2561 1301 2650 literis
1332 2558 1377 2646 U
1403 2575 1448 2646 et
1477 2555 1549 2672 L,
1577 2583 1770 2672 quarum
1791 2557 1867 2644 illa
1891 2567 2064 2657 sensim
2087 2601 2165 2660 ne.

478 2753 746 2878 gligeretnr,
773 2755 925 2830 ortum
954 2760 1050 2820 csse
1078 2755 1256 2826 censen,
1718 2691 1728 2708 κ

594 2916 634 3036 p,
664 2933 766 3026 242,
815 2902 938 3000 Non
968 2915 1038 2988 ,est
1066 2893 1224 3017 igitur,
1255 2885 1380 3010 quod
1408 2885 1641 2988 miremur,
1680 2885 1955 2978 vocabulum
1987 2890 2165 2988 Extra.

476 3115 632 3192 mum,
670 3075 839 3178 omissa
865 3069 995 3160 litera
1018 3059 1182 3152 initiali
1210 3059 1274 3158 E,
1310 3054 1407 3140 solo
1431 3051 1688 3140 Tironiano
1717 3053 1766 3140 X
1793 3057 1942 3143 notari
1967 3059 2029 3179 (6.
2044 3074 2165 3176 241).

477 3261 606 3354 [dem
637 3249 768 3342 enim
792 3243 846 3332 in
870 3228 1133 3357 vulgaribus
1163 3224 1478 3310 Romanorum
1503 3217 1640 3306 literis
1672 3221 1838 3310 evenit.
1903 3226 1973 3314 Ita
2002 3246 2036 3322 e
2066 3236 2164 3323 sive

285 3507 287 3510 ³
485 3427 522 3524 ρ
561 3443 608 3512 et
634 3421 683 3508 X
712 3403 947 3506 coarctatis
965 3441 1025 3471 ει
1045 3391 1108 3496 Χ
1133 3393 1188 3480 in
1203 3383 1325 3476 notis
1353 3381 1461 3496 juris
1485 3383 1674 3502 (Magno
1699 3413 1771 3503 ap.
1789 3385 2000 3480 Gothofr.
2028 3401 2165 3518 ι1496)

476 3581 798 3714 significabant
825 3565 1102 3665 vocabulum
1135 3550 1459 3653 Existimatio
1466 3584 1485 3654 ‚·
1525 3546 1654 3669 quod
1693 3551 1852 3641 leviter
1877 3554 2075 3668 deinde,
2111 3587 2165 3656 ut

478 3753 658 3856 nullum
686 3767 873 3866 prorsus
906 3734 1063 3860 literae
1087 3723 1272 3812 initialis
1309 3715 1550 3837 vestigium
1586 3716 1791 3810 relictum
1822 3722 1906 3826 sit,
1947 3735 2169 3819 notatum-

350 3921 364 3938 ‘
486 3937 625 4006 exstat
651 3879 748 4016 Χῖ,
777 3903 983 4021 denique
1010 3894 1061 3982 X
1085 3887 1218 4001 (serr.
1238 3884 1338 3973 Urs.
1367 3879 1484 3968 1006.
1511 3883 1626 3969 Petr.
1642 3881 1842 3986 Diacon.
1862 3916 1933 4006 ap.
1948 3887 2164 3985 Gothofr.

491 4067 628 4176 t526).
684 4067 774 4158 Sed
799 4055 1083 4188 ¹quandoque
1104 4052 1237 4141 etiam
1257 4077 1313 4136 eo
1338 4051 1473 4168 periit
1489 4051 1693 4156 initialis,
1722 4052 1850 4172 quod
1878 4063 2166 4184 superimpo.
2292 4084 2294 4092 ¹

490 4237 579 4326 sita
596 4251 712 4326 esset
726 4231 877 4322 literae
898 4223 1118 4348 sequenti.
1175 4213 1319 4340 Quod
1340 4247 1431 4335 quo
1452 4215 1624 4304 facilius
1645 4237 1873 4332 appareat,
1904 4225 2164 4334 considere,-

492 4415 562 4487 tur
584 4401 725 4488 velim
749 4395 911 4513 lapidis
927 4396 1103 4498 titulus,
1136 4417 1274 4512 quent
1299 4382 1383 4499 (ex
1409 4375 1505 4492 Act.
1521 4379 1728 4474 Palatinis
1756 4377 1863 4476 vot
1876 4417 1938 4482 vr.
1957 4390 2039 4504 66)
2064 4394 2167 4500 sub,

499 4587 686 4669 patmus.
