4826 5890
282 761 366 868 lis,
396 787 536 884 quae,
565 756 690 849 vocis
717 783 833 846 tono
858 753 958 892 noll
983 753 1225 886 indigens,
1262 745 1416 850 mente
1454 780 1498 850 et
1528 759 1827 884 intelligentia
1856 791 1954 884 per·

286 927 467 1049 cipitur.

401 1093 441 1212 9.
461 1089 531 1184 88.
582 1090 699 1179 Tria
711 1085 847 1194 sunt,
867 1116 982 1210 quae
1001 1083 1175 1182 moram
1203 1109 1248 1180 et
1265 1089 1646 1212 impedimentum
1662 1079 1867 1188 inferunt
1885 1099 1954 1208 iis,

283 1260 366 1384 qui
384 1247 596 1348 notarum
611 1255 818 1380 anelysin
837 1251 1063 1348 exercent
1117 1256 1343 1365 Primum,
1369 1255 1501 1378 quod
1524 1257 1583 1346 ab
1603 1261 1802 1382 antiquis
1822 1265 1956 1356 inter-

284 1425 512 1550 pretibus,
554 1427 638 1547 qui
668 1425 789 1514 notis
815 1425 1199 1552 :significationem
1221 1421 1519 1532 addiderunt,
1554 1425 1679 1515 nulla
1705 1427 1956 1538 literatum,

284 1592 551 1714 compendii
569 1621 703 1684 eausa
727 1583 1013 1698 omissorum,
1040 1592 1216 1688 mentio
1238 1609 1307 1681 est
1332 1592 1458 1684 faeta.
1511 1592 1797 1702 ¹Secundum,
1828 1597 1957 1717 quod

286 1761 465 1879 saepius
494 1757 818 1879 orthographia
843 1759 979 1878 plane
1001 1753 1180 1852 diversa
1200 1758 1261 1851 ab
1289 1756 1385 1862 illa,
1411 1787 1531 1879 quae
1551 1789 1601 1850 re
1629 1737 1807 1880 ipsein
1833 1760 1956 1852 notis

283 1925 390 2014 latet
413 1921 477 2042 (9.
492 1905 623 2044 298).
648 1923 889 2018 substitute
912 1938 960 2026 ..et
980 1923 1178 2042 reposita
1197 1925 1434 2044 reperitur.
1487 1926 1722 2035 Tertium,
1743 1926 1871 2048 quod
1888 1932 1954 2020 in·-

281 2077 498 2212 terpretes
517 2091 603 2195 illi,
627 2091 959 2217 elementorum
978 2092 1067 2198 jam
1082 2091 1250 2212 ignari,
1280 2094 1622 2208 supervacaneis
1640 2091 1955 2190 additamentis
2057 2201 2071 2218 ἡ

284 2287 357 2348 eas
382 2287 481 2344 non
508 2239 608 2341 raro
632 2251 1267 2370 ‚corrupemnt(§181.182).
1304 2293 1314 2312 ·
1947 2241 1950 2246 ¹

394 2421 434 2540 9.
462 2417 532 2540 89.
588 2418 797 2532 Literae‚
831 2415 1003 2545 quibus
1042 2433 1179 2502 notae
1215 2415 1497 2511 Tironianae
1520 2436 1750 2530 constent,
1791 2456 1849 2514 ex
1879 2455 1953 2549 ge.

281 2593 391 2678 nere
421 2603 527 2676 sunt
546 2552 945 2714 Majuscularur‘n
968 2580 1280 2710 (9199165),
1306 2609 1407 2670 non
1425 2611 1608 2702 semper
1624 2584 1814 2704 quidem
1840 2591 1954 2703 justa

283 2758 449 2862 forma,
478 2751 530 2842 id
551 2773 635 2862 est,
663 2750 788 2846 haud
803 2752 976 2882 ubique
984 2744 1204 2872 ‘perfhcte
1219 2743 1505 2864 ¹Cupit‘ales‚
1533 2747 1614 2839 sed
1629 2770 1681 2839 ut
1704 2781 1953 2848 accommo-

281 2917 439 3011 datum
465 2939 531 3009 est
564 2939 754 3010 naturae
779 2915 913 3030 hujus
930 2914 1182 3006 festinantis
1211 2915 1504 3036 scriptionis,
1545 2901 1679 3036 saepe
1720 2919 1953 3016 Unciales.

279 3083 571 3183 Decurtetio,
606 3108 722 3202 quae
742 3079 793 3166 in
814 3077 936 3165 notis
957 3095 1023 3165 est
1041 3075 1421 3200 frequentissima,
1444 3111 1542 3170 non
1565 3084 1712 3176 solum
1728 3088 1780 3174 in
1799 3091 1950 3181 verbis

281 3237 660 3369 deprehenditur,
689 3273 850 3333 verum
872 3243 1006 3339 etiam
1027 3243 1082 3340 in
1106 3244 1296 3374 singulis
1316 3245 1480 3353 literis,
1511 3249 1753 3370 exquibus
1778 3257 1950 3372 paucie-

280 3417 419 3506 simae
443 3431 549 3502 sunt
575 3409 824 3530 perfectae,
852 3403 933 3497 sed
952 3405 1195 3528 pleraeque
1214 3439 1377 3502 omnes
1395 3391 1645 3504 truncatae
1696 3421 1865 3512 Earum
1890 3423 1950 3512 fa·

285 3585 376 3673 cies
399 3582 493 3672 sive
515 3578 660 3667 forma
677 3605 777 3666 non
789 3601 972 3694 semper
987 3571 1173 3682 eadem,
1203 3574 1284 3667 sed
1308 3580 1560 3689 mutabilis,
1591 3583 1874 3693 inconstans,
1906 3609 1951 3678 et

279 3749 402 3836 varia
424 3763 508 3851 est,
549 3743 810 3865 praesertim
831 3772 974 3862 quum
1001 3741 1251 3862 junguntur
1269 3747 1456 3848 vicinis:
1486 3746 1611 3867 quod
1638 3747 1761 3836 idem
1784 3751 1837 3838 in
1856 3755 1949 3843 vul.

283 3915 378 4038 gari
397 3913 615 4032 scriptura
636 3903 834 4000 currenti
862 3905 1064 3997 accidere
1084 3908 1209 3998 solet
1267 3909 1397 4001 Ordo
1430 3909 1647 4032 denique,
1676 3943 1769 4033 quo
1798 3916 1948 4040 singu.

283 4081 352 4172 lae
382 4079 570 4203 singulis
598 4075 875 4182 succedunt,
916 4095 1082 4165 mutata
1117 4105 1270 4176 earum
1300 4081 1517 4183 statione,
1563 4105 1948 4202 monogrammate

284 4242 548 4336 adhibendo
581 4245 759 4361 saepius
785 4244 999 4333 turbatur.

388 4413 428 4530 9.
458 4439 528 4532 9ο.
587 4409 714 4498 Haec
734 4413 873 4534 igitur
891 4413 1110 4530 scripture
1130 4441 1280 4532 tquum
1308 4429 1377 4501 tot
1404 4429 1614 4531 tantaque
1633 4409 1795 4500 hebeat
1812 4441 1948 4532 pecu·

280 4578 407 4668 liaria
437 4597 482 4666 et
511 4606 695 4696 prorsus
719 4577 982 4702 singulatim
1012 4609 1067 4670 eo
1094 4574 1281 4700 quidem
1307 4577 1411 4698 ipso
1431 4574 1615 4700 legendi
1641 4574 1947 4670 difficultatem

1861 4715 1865 4750 ι
