4744 5960
890 639 948 660 ..-
1003 593 1087 710 457
1144 635 1202 658 ...-

220 893 226 916 .
359 817 488 942 Ztir'u
526 814 579 900 in
615 805 1026 934 tachygtaphorum
1065 807 1263 928 quidem·
1282 811 1403 900 notis
1427 839 1523 900 non
1563 811 1672 904 ridi.
1721 801 1882 936 Quum

217 1007 366 1078 autem
388 985 481 1092 ejus
505 979 648 1100 figura
672 974 780 1066 olim
803 977 940 1064 luerit
960 965 1294 1091 simplicissima
1313 987 1354 1064 Ξ
1385 979 1563 1104 (agrin
1584 975 1881 1097 inscriptione

215 1149 510 1241 Nointeliana
539 1143 786 1266 ceterisque
807 1133 1179 1241 Atheniensibus,
1208 1137 1520 1244 Heracleensi,
1552 1159 1596 1228 et
1618 1141 1879 1256 Cyzicena),

214 1334 379 1438 atque,
399 1331 450 1400 ut
470 1304 741 1397 unocalami
761 1299 900 1392 ductu
927 1301 1249 1405 absolveretur,
1278 1305 1340 1414 Z;
1368 1301 1461 1390 vix
1490 1329 1629 1390 cama
1654 1307 1880 1429 tachygra

216 1474 323 1594 phis
346 1492 567 1560 mutatam
602 1497 697 1557 esse
729 1467 945 1584 suspicor.
1013 1467 1072 1574 ¹111
1111 1463 1261 1554 charta
1292 1465 1366 1557 illa
1398 1495 1646 1584 papyracea
1677 1461 1756 1570 'est
1787 1473 1881 1560 aiva

213 1659 274 1751 7,
303 1638 398 1726 sive
445 1637 477 1751 J
513 1633 707 1741 (Schow
732 1627 847 1718 Tab.
866 1631 928 1742 Ι).
1017 1625 1024 1641 ’
1656 1625 1663 1638 '
1721 1730 1725 1736 ¹
1871 1645 1875 1657 '

300 1759 309 1884 ,
368 1791 507 1890 Ἤτοι.
574 1800 648 1886 Ex
674 1797 723 1884 H
749 1795 926 1912 capitali
947 1825 1044 1884 uno
1068 1789 1223 1884 calami
1245 1789 1384 1884 ductu
1414 1797 1464 1886 fit
1497 1815 1544 1904 Μ
1577 1800 1648 1907 (v.
1671 1799 1806 1886 Inscr.
1826 1798 1882 1889 ad

220 1970 313 2077 Δ);
341 1951 465 2051 unde
484 1941 528 2048 et
554 1959 860 2050 Tironianum
894 1955 947 2066 vl
976 1961 1044 2078 (p.
1061 1957 1169 2070 113)
1199 1979 1242 2047 et
1262 1959 1539 2054 Graecorum
1559 1962 1882 2086 tachygrapho-

218 2161 321 2219 rum
346 2122 486 2246 magis
519 2117 771 2214 mutilatum
800 2124 895 2214 sive
926 2149 979 2227 ν
1003 2117 1096 2212 sive
1128 2138 1184 2223 Λ
1212 2143 1360 2212 ortum
1389 2143 1463 2215 est.

367 2287 511 2416 Θῆτα.
582 2281 981 2408 Quemadmodum
1008 2289 1059 2372 in
1084 2288 1232 2402 prisco
1260 2288 1347 2376 ,ttto
1383 2289 1582 2377 cursivae
1626 2287 1883 2407 scriptionis

220 2483 388 2584 genere
410 2451 594 2563 (Schow
614 2451 729 2539 Tab.
742 2453 785 2560 I)
811 2465 996 2568 propter
1016 2439 1308 2538 scribentium
1329 2443 1663 2544 festinationem
1679 2458 1884 2563 circulus

218 2625 302 2744 qui
331 2639 396 2710 est
425 2619 477 2706 in
505 2611 682 2734 capitali
711 2607 844 2726 hujus
872 2612 1025 2701 literae
1049 2605 1213 2716 forma,
1241 2615 1293 2701 in
1315 2634 1607 2708 transversam
1629 2621 1793 2710 lineam
1813 2621 1885 2712 da-

219 2781 471 2906 generavit,
500 2799 551 2867 ut
580 2778 846 2866 scriberetur
872 2772 960 2889 θη
989 2775 1051 2864 ita
1079 2777 1131 2866 in
1153 2779 1566 2906 tachygraphorum
1593 2787 1712 2877 notis
1740 2787 1882 2909 magis
1999 2822 2002 2828 ·

221 2955 356 3044 etiam
384 2967 640 3067 correptmn
669 2944 836 3036 exstitit
876 2941 934 3051 Υ.

369 3085 512 3207 ¹'Ialrca
551 3115 636 3199 Per
657 3105 811 3200 omnia
837 3111 932 3198 fere
953 3103 1125 3200 saecula
1140 3101 1338 3222 (Montf.
1352 3105 1435 3222 35)
1455 3109 1565 3202 inde
1589 3112 1644 3203 ab
1660 3087 1879 3236 ¹antiquis-

213 3277 347 3396 simis
374 3281 655 3397 temporibus
682 3277 866 3387 (Schow
894 3277 1073 3365 Tantl.
1092 3275 1197 3388 ηδ)
1225 3276 1373 3399 viguit
1397 3295 1449 3364 ea
1475 3275 1607 3389 hujus
1626 3278 1777 3366 literae
1792 3281 1878 3367 lor-

220 3473 317 3549 ma,
348 3473 462 3562 quae
488 3441 667 3534 duobus
688 3443 869 3562 punctis
899 3463 963 3532 est
989 3445 1224 3564 insignita
1267 3441 1425 3560 Atque
1449 3433 1499 3528 in
1520 3441 1721 3545 Graecis,
1752 3443 1879 3532 utin

223 3609 402 3702 Latinis
422 3610 484 3726 (p.
504 3610 624 3716 116),
655 3628 788 3726 saepe
824 3603 1005 3711 accidit,
1033 3615 1085 3694 ut
1106 3603 1391 3696 antecedenti
1426 3608 1577 3696 literae
1596 3610 1878 3726 properantis

223 3774 380 3863 calami
408 3771 547 3862 ductu
581 3773 735 3864 subtus
769 3791 1091 3862 annecteretun
1191 3817 1193 3824 v

371 3931 564 4030 Karrea.
616 3927 678 4026 Ut
697 3965 793 4024 uno
811 3936 905 4024 ictu
925 3935 1056 4045 hujus
1076 3932 1227 4026 literae
1245 3938 1397 4025 forma·
1405 3927 1717 4040 absolveretur,
1738 3935 1880 4056 figura

225 4093 422 4217 capitalis
446 4103 611 4191 sensim
626 4103 689 4190 ita
708 4119 771 4189 est
788 4101 973 4194 variata:
1001 4101 1049 4190 K
1066 4112 1117 4218 u
1133 4122 1193 4203 ὐ
1208 4120 1254 4204 ι.
1311 4103 1478 4191 Ultima
1508 4103 1559 4188 in
1588 4099 1708 4187 notis
1732 4097 1880 4215 tachy·

223 4261 500 4384 graphorum
517 4285 601 4372 est,
627 4267 944 4384 penultimam
968 4265 1117 4354 charta
1134 4267 1208 4354 illa
1227 4253 1475 4385 papyracea
1495 4255 1680 4368 (Schow
1697 4263 1811 4350 Tab.
1824 4265 1878 4370 Ι).

371 4425 584 4537 Λάμβδα.
635 4433 708 4519 Ex
741 4430 917 4547 capitali
946 4424 988 4518 A
1014 4430 1143 4518 facile
1170 4427 1349 4519 ducitur
1376 4423 1781 4552 tachygraphorum
1817 4415 1878 4534 4.

225 4609 355 4710 atque
384 4591 516 4684 etiam
540 4593 591 4682 in
615 4595 765 4720 numis
791 4593 1139 4715 antiquioribus,
1168 4589 1354 4717 aliisque
1378 4581 1671 4688 monimentis
1693 4583 1878 4710 scriptis,

1202 4753 1261 4850 58
