4778 5902
953 569 1270 665 -315-·

396 793 437 914 ᾗ.
468 786 564 882 352.
620 787 714 880 Eae
731 802 887 894 notae,
911 785 1076 908 quibus
1097 783 1321 877 dictiones
1340 781 1709 898 uberiores-sive
1724 791 1951 902 verbosio-

280 991 371 1066 res,
398 956 728 1079 significantur,
759 984 796 1040 e.
817 985 859 1074 g.
886 949 1134 1072 Oneretque
1165 947 1366 1038 tandem
1389 948 1616 1042 Catilina
1643 945 1841 1046 abutere
1863 985 1952 1076 pa.

281 1125 464 1212 tientia
483 1127 679 1222 nostra;
715 1117 924 1243 Quorum
947 1117 1145 1204 nonu'na
1164 1105 1326 1204 subter
1346 1114 1579 1206 videntur
1607 1121 1794 1212 inserta
1801 1162 1821 1230 ;
1859 1124 1952 1240 Op.

278 1293 397 1378 time
423 1286 483 1376 de
507 1255 758 1401 republica
780 1275 957 1398 populi
982 1279 1194 1368 Romani
1218 1281 1437 1386 meritas,
1463 1299 1544 1370 cet.
1574 1279 1630 1369 ad
1649 1284 1816 1372 calcem
1841 1319 1951 1406 opo.

278 1455 340 1542 ris
367 1452 553 1561 rejectae
578 1465 701 1552 sunt,
744 1444 885 1564 idque
913 1445 1077 1546 rectius
1108 1445 1505 1567 commodiusque,
1542 1477 1677 1566 quam
1709 1447 1763 1534 in
1791 1455 1949 1548 ceteris

274 1613 421 1718 libris,
458 1613 627 1700 factum
660 1641 754 1700 esse
787 1641 964 1700 censae.
1040 1610 1140 1699 Illas
1181 1613 1417 1731 excipiunt
1452 1589 1677 1700 nonnulla
1707 1613 1946 1724 vocabula,

274 1809 392 1900 quae
414 1807 512 1865 non
535 1775 625 1866 nisi
643 1774 797 1866 medio
822 1805 934 1864 aevo
951 1773 1002 1862 in
1022 1803 1108 1864 usu
1121 1735 1331 1883 luerunt,
1361 1797 1494 1897 atque
1523 1779 1577 1866 in
1604 1778 1700 1866 aliis
1726 1777 1948 1868 collectio-

271 1907 347 2036 nis
369 1943 588 2061 exemplis
610 1940 941 2046 desiderantur,
963 1959 1014 2030 ut
1041 1937 1304 2050 Ueneticae,
1334 1939 1700 2060 Unadriscapis,
1723 1941 1948 2036 Consum·

273 2101 423 2216 hiare,
448 2101 636 2221 Stapla
660 2099 967 2210 Adrhamire,
990 2103 1075 2194 Per
1079 2101 1284 2220 fistuca,
1308 2103 1687 2214 Perandelando,
1709 2107 1947 2222 Mallare,

271 2272 473 2380 Frr‘drn,
507 2273 725 2374 Banna,
764 2263 1035 2374 Adsallire‚
1069 2263 1376 2376 Deranbare‚
1406 2269 1697 2375 Discenda,-
1717 2269 1946 2397 Alleluja.

274 2441 486 2559 Sequitur
512 2381 612 2580 lm
639 2477 696 2502 =
725 2428 825 2522 Hic
839 2425 998 2546 finem
1016 2427 1226 2547 faciunt
1247 2443 1411 2542 notas,
1439 2433 1530 2522 ie.
1556 2430 1947 2568 hicterminantur

277 2623 425 2692 notae.
493 2599 675 2720 Agmen
708 2594 923 2686 claudunt
954 2582 1111 2688 verba:
1135 2595 1430 2714 Explicinnt
1460 2607 1606 2686 notae
1638 2595 1838 2688 Senecae
1864 2632 1947 2690 nu-

273 2797 398 2858 mero
429 2767 641 2892 quinque
669 2756 853 2866 Mida,
871 2754 1004 2894 finit
1029 2789 1142 2850 atero
1168 2757 1400 2852 Plateola.

388 2945 427 3063 d.
454 2937 551 3030 353.
607 2937 755 3025 Multa
784 2934 938 3039 etiam,
969 2963 1083 3053 quae
1116 2930 1207 3024 hoc
1228 2935 1347 3024 libro
1370 2937 1682 3043 continentur,
1711 2936 1768 3026 ad
1790 2942 1944 3031 melio-

269 3142 368 3200 rem
388 3124 598 3194 notarum
617 3101 929 3223 cognitionem
951 3101 1134 3189 faciunt.
1179 3101 1257 3205 Ita,
1275 3120 1327 3188 ut
1346 3099 1418 3189 his
1441 3121 1539 3190 utar
1558 3102 1789 3218 exemplis,
1808 3125 1943 3195 notae

273 3274 378 3384 ‚l
410 3259 583 3386 l-s,
625 3263 790 3385 quibus
828 3265 903 3354 alii
935 3264 1213 3356 collectionis
1245 3264 1350 3358 libri
1385 3283 1627 3384 apponunt
1660 3265 1945 3386 significatio-

271 3459 354 3518 ues
378 3435 525 3534 lcum,
561 3431 793 3546 Pericnm,
828 3431 880 3520 in
924 3430 1009 3520 hac
1036 3450 1155 3520 recte
1182 3431 1462 3551 explicantur
1490 3429 1731 3554 Iniquum,
1766 3427 1944 3522 Perini.

273 3621 417 3718 quarn
440 3625 497 3685 ex
522 3575 614 3715 duo
641 3614 870 3715 praeterea
898 3596 1109 3718 colligere
1130 3597 1254 3699 licet,
1281 3593 1626 3688 antecedentem
1645 3613 1807 3687 notam
1846 3577 1942 3738 {V

272 3787 389 3880 quae
416 3757 539 3877 apud
566 3760 812 3850 Gruterum
838 3764 926 3873 (2)
953 3763 1121 3869 Ecum,
1149 3759 1272 3880 apud
1295 3759 1566 3852 Vulcanium
1603 3755 1690 3866 (de
1715 3758 1829 3846 liter.
1858 3759 1944 3846 Ge.-

271 3943 349 4012 tar.
367 3923 454 4036 23)
486 3895 682 4014 Aetnam
715 3929 981 4048 explicatur,
1002 3930 1069 4018 nil
1095 3925 1219 4018 aliud
1246 3959 1361 4034 esse,
1401 3956 1536 4048 quam
1564 3922 1790 4046 Aequum.
1849 3925 1943 4012 No-

271 4107 418 4176 terum
451 4087 856 4208 significationibus
888 4093 1003 4182 mira
1027 4092 1256 4184 interdum
1286 4093 1506 4213 adscripta
1529 4072 1635 4179 sunt
1667 4086 1866 4207 epitheta
1900 4109 1945 4178 et

270 4279 539 4367 synonyma,
562 4269 693 4378 atque
707 4256 1119 4352 animadversiones
1139 4261 1467 4382 etymologicee
1480 4283 1661 4374 prorsus
1683 4252 1941 4373 singulares

272 4434 323 4502 ut
351 4413 476 4504 hisce
501 4417 643 4508 notis:
673 4421 795 4538 Papa
821 4465 877 4494 ε
907 4413 1263 4528 Admirabilt's;
1291 4423 1435 4540 Lapis
1464 4463 1522 4492 a
1556 4449 1607 4508 eo
1635 4417 1769 4544 qnod
1786 4413 1944 4506 laedit

269 4575 469 4696 pssdtmt
484 4579 642 4712 Larba
662 4585 854 4706 (Lava)
869 4627 925 4662 ω
937 4590 1223 4684 incantator
1243 4586 1337 4676 sive
1348 4578 1641 4703 fantastica
1656 4571 1840 4690 uncbra,
1862 4598 1944 4674 cet.
