4744 5960
921 609 1235 725 ...431-

639 817 687 906 A
762 802 978 923 ι111),
1042 823 1093 917 E
1174 827 1230 914 N
1304 827 1359 918 D
1445 831 1505 924 A.

336 1101 441 1221 Peg.
471 1097 515 1193 6.
580 1093 1048 1225 Tachygraplzorum
1085 1129 1256 1194 munus
1285 1100 1627 1224 vilissimorum
1660 1122 1921 1244 mancipio.

223 1297 327 1358 rum
349 1262 479 1386 esse]
537 1263 665 1356 Idem
692 1270 838 1391 arguit
862 1268 1174 1392 Quintilianus
1198 1276 1254 1384 (Ι.
1281 1307 1315 1363 1.
1338 1304 1385 1393 p.
1411 1276 1473 1366 16.
1501 1277 1570 1368 ed.
1593 1283 1716 1404 Bip.)
1749 1295 1920 1393 verbis:

222 1412 372 1517 „Non
400 1427 467 1498 est
499 1408 646 1497 aliena
683 1438 774 1515 res,
816 1411 1058 1527 quaesere
1091 1411 1145 1498 ab
1179 1405 1391 1500 honestis
1424 1417 1599 1541 negligi
1633 1424 1768 1534 solet,
1812 1463 1919 1526 cura
2045 1518 2051 1530 ι

89 1651 93 1666 .
222 1578 343 1665 bene
371 1606 422 1666 ac
453 1570 681 1665 velociter
699 1570 971 1664 scribendi.”
1030 1571 1181 1660 Multo
1212 1571 1335 1691 apud
1353 1576 1510 1688 Grajos
1538 1577 1917 1687 honorificentius

223 1741 393 1831 scribae
425 1768 592 1828 munus
621 1737 781 1842 fuisse,
816 1733 950 1824 tradit
973 1734 1213 1824 Cornelius
1236 1738 1398 1857 Nepos
1431 1745 1650 1852 (Eumen.
1677 1755 1745 1863 1),
1775 1755 1916 1852 addit-

220 1937 391 2026 qne.,
394 1907 539 2012 ,Nam
559 1900 682 2022 apud
706 1932 790 1990 nos
814 1928 994 2002 revera,
1021 1900 1137 1989 sicut
1160 1921 1286 2008 sunt,
1312 1915 1599 2000 mercenarii
1628 1919 1798 2011 scribae
1824 1927 1915 2017 exi·
1990 1914 1995 1929 ’

223 2071 493 2164 stimantur”

267 2233 436 2356 i'ag.
469 2261 532 2323 12.
558 2267 651 2354 seq.
720 2226 950 2320 Celeriter
979 2219 1222 2318 scribendi
1244 2238 1295 2319 et
1328 2163 1493 2326 leviter
1520 2236 1673 2332 verbo
1701 2248 1935 2341 notandi·

224 2401 298 2490 acl
318 2397 443 2490 bunc
456 2392 783 2522 principalem
796 2393 955 2512 finem
976 2403 1122 2482 notor
1142 2389 1399 2488 adhibitas
1420 2401 1549 2526 esse]
1605 2407 1703 2497 Dio
1738 2408 1831 2522 (55.
1856 2415 1915 2508 ad

218 2598 254 2660 a.
284 2567 379 2685 746.
406 2604 452 2692 p
479 2569 576 2659 633.
602 2567 775 2656 sived
752 2565 830 2683 76)
865 2561 922 2652 de
941 2564 1230 2655 Maecenate.
1266 2555 1380 2663 “Ort
1410 2570 1587 2690 πρῶτος
1614 2579 1785 2690 σημεῖα
1805 2577 1916 2670 rma?

216 2737 511 2864 γραμμάτων
541 2733 651 2859 πρὸς
685 2733 844 2857 τάχος
874 2735 1048 2856 ἐξεῦρε.
1116 2733 1352 2850 Basilius(
1334 2739 1488 2856 (epist.
1516 2741 1679 2854 555).
1696 2746 1915 2868 Οῖλ67οι

215 2911 303 3034 τήν
336 2908 473 3046 φύσει(
505 2907 760 3030 ὑπόπτερον
793 2908 974 3028 ἔχουσι
1015 2903 1089 2996 διο)
1119 2907 1252 3000 riute
1283 2912 1485 3026 σημείων
1514 2911 1792 3034 χρῄζουσιν,
1835 2920 1913 3018 iae

215 3087 502 3197 intersister-
517 3081 672 3177 αὐτῶν
703 3075 834 3200 Milo
864 3075 918 3170 τὸ
949 3072 1107 3197 τάχος
1137 3077 1160 3170 o‘
1189 3075 1398 3198 7ράφων.
1441 3079 1560 3188 (Vid.
1579 3115 1715 3204 supra
1735 3122 1781 3208 p
1795 3096 1913 3206 240.)

325 3305 430 3422 Pag.
458 3332 523 3412 17.
579 3295 635 3386 In
666 3285 853 3384 tabulis
885 3293 1062 3381 ceratio
1090 3296 1239 3412 notae
1264 3277 1536 3402 exaratae]
1614 3285 1671 3372 In
1699 3287 1912 3404 passione

211 3470 422 3566 &Pionii
447 3474 464 3581 (
476 3466 686 3556 Ruinart.
708 3461 807 3553 Act.
834 3477 1011 3575 martyr.
1034 3486 1081 3574 p.
1103 3452 1209 3568 144)
1232 3451 1421 3574 legitur:
1451 3447 1605 3554 „Cum
1624 3479 1761 3540 cerae
1785 3471 1910 3542 noto-

209 3637 325 3739 rius,
369 3661 486 3751 quae
517 3623 933 3746 respondebantur,
972 3602 1303 3737 imprimeret”
1339 3635 1421 3704 cet.
1498 3614 1626 3706 Hinc
1656 3615 1792 3705 etiam
1822 3645 1909 3734 pro

209 3789 413 3887 scribere
430 3794 622 3886 verbum
642 3819 858 3897 exarare,
878 3785 1003 3912 quod
1016 3787 1212 3875 maxime
1237 3781 1453 3872 convenit
1472 3781 1525 3868 in
1547 3781 1707 3869 tabella
1729 3781 1911 3896 notatis·

211 3960 408 4059 Ovidius
462 3965 548 4074 (ex
563 3957 776 4051 Pontod.
797 3982 839 4048 2.
850 3954 1028 4153 9ο),
1030 3947 1129 4060 ,Ad
1167 3949 1346 4039 fratrem
1395 3945 1579 4065 scriptas
1617 3950 1794 4034 exarat
1831 3941 1908 4028 illa

212 4128 403 4217 noter?

283 4292 427 4419 Peg.
457 4319 522 4411 ¹9·
585 4286 638 4384 V
634 4282 913 4376 elocassrmos
922 4277 1084 4398 fuisse
1102 4277 1359 4403 notarios]
1412 4275 1551 4370 Unde
1585 4269 1708 4395 apud
1725 4267 1908 4361 Martia·

205 4448 298 4545 lem
324 4457 419 4570 (ιο.
438 4455 491 4564 6)
519 4454 685 4545 notarii
710 4449 946 4572 epitheton
982 4469 1046 4541 est
1074 4450 1240 4547 Velox.
1295 4451 1527 4552 Ausonius
1559 4444 1909 4566 (Epigrammato

214 4621 306 4735 146.
333 4616 403 4713 ed.
427 4623 577 4744 Bip.):

1240 4778 1294 4871 61
