4722 5868
368 782 504 872 scribi
528 805 623 867 non
650 805 806 896 posse,
838 776 1002 894 quibus
1021 771 1075 864 in
1094 776 1315 868 nundinis
1336 779 1658 897 Lipsiensibns
1677 765 1809 872 liceat
1828 815 1921 874 esse
1945 763 2038 874 feli.

368 949 577 1060 cissimis3
607 949 709 1036 satis
735 965 887 1033 tamen
911 948 1121 1063 praemii,
1152 977 1295 1066 quum
1316 947 1389 1043 vel
1414 947 1652 1039 minimam
1680 969 1855 1067 partem
1870 949 2035 1040 huma.
2091 1003 2094 1010 1

366 1147 528 1206 narum
550 1116 710 1203 artium
729 1112 784 1199 ab
807 1113 995 1200 interitu
1013 1109 1315 1218 vindicamuS,
1340 1111 1451 1200 huic
1474 1113 1564 1230 ipsi
1583 1113 1728 1211 labori
1754 1115 1903 1208 messe
1921 1117 2034 1208 arbi-

366 1302 546 1369 namur.
601 1277 903 1368 Praevaluerit
920 1296 1039 1375 certe
1066 1309 1205 1396 opera
1232 1302 1385 1372 nostru
1411 1281 1639 1398 plurimis,
1669 1309 1785 1398 quae
1816 1281 2037 1378 librorum

368 1477 525 1535 recens
546 1449 872 1563 impressorum
888 1443 1063 1532 tabulae
1082 1447 1374 1562 profitentur,
1394 1447 1714 1537 commentitiis
1734 1477 1785 1536 ac
1810 1451 2033 1571 fugitivis,

366 1632 417 1700 ut
435 1627 621 1714 vocant,
645 1609 886 1726 opusculis.
926 1609 1133 1712 Ducenti
1152 1611 1320 1700 scilicet
1340 1611 1451 1706 anni
1468 1628 1574 1697 sunt
1592 1628 1636 1697 et
1655 1611 1867 1730 amplius,
1894 1647 2039 1742 quum

365 1780 514 1869 Justus
536 1775 725 1892 Lipsius
761 1771 909 1886 (Cent.
927 1769 985 1872 ad
1003 1772 1129 1894 Belg.
1141 1804 1210 1892 ep.
1222 1800 1289 1876 27.
1319 1769 1409 1889 Op.
1421 1769 1575 1892 Lugd.
1594 1772 1713 1872 1615.
1725 1776 1758 1862 Ι.
1770 1779 1882 1889 202.)
1903 1800 2033 1876 notas

368 1945 557 2034 Tironis
580 1973 685 2032 cum
713 1940 808 2040 aliis
841 1907 1074 2027 auctorum
1090 1941 1269 2058 ‘scriptis
1291 1941 1505 2040 inanibus
1531 1969 1817 2058 comparans,
1846 1942 2036 2044 diceret:

367 2109 542 2222 „Ajunt
569 2108 709 2204 libros
736 2107 848 2204 alibi
872 2108 927 2204 in
953 2103 1243 2210 bibliothecis
1272 2126 1443 2195 exstare
1467 2105 1628 2194 harum
1661 2129 1884 2202 notarum.
1942 2117 2037 2206 Cur
2104 2075 2107 2082 .

368 2305 500 2380 „non
524 2271 702 2362 edturt‘?
740 2269 926 2388 Quanto
946 2269 1120 2386 utilius,
1151 2273 1287 2400 quain
1314 2293 1474 2402 nugas
1496 2267 1760 2390 quosdam,
1790 2271 1935 2366 hodie
1962 2275 2036 2370 ati

369 2471 491 2566 „que
512 2435 617 2528 lteri
639 2434 842 2538 natzasl'’

399 2693 405 2702 ,
478 2613 519 2732 q
547 2609 589 2702 8,
648 2609 781 2726 Opus
813 2603 953 2726 igitur
978 2597 1108 2721 quod
1132 2625 1369 2732 'aggressus
1389 2629 1514 2704 sum,
1544 2601 1583 2689 si
1607 2631 1707 2690 non
1729 2603 1973 2717 jucundius
1992 2588 2038 2702 et

369 2779 566 2881 avarius,
597 2793 715 2862 certe
737 2772 892 2874 utilius
911 2787 955 2858 et
965 2767 1137 2902 ¹gratius
1159 2765 1265 2869 erit,
1295 2767 1469 2884 quippe
1487 2765 1614 2886 quod
1635 2800 1687 2857 ea
1706 2771 1856 2895 legere
1880 2777 2035 2886 docet,

370 2970 484 3064 quae
507 2943 695 3055 majores
715 2940 835 3040 notis
852 2953 1106 3037 ¹exararunt.
1167 2929 1321 3065 Quam
1342 2932 1528 3052 quidem
1550 2953 1695 3042 artem
1721 2967 1864 3068 quum
1885 2939 2035 3035 adhuc

368 3107 616 3206 indotatam
630 3126 767 3225 ¹atque
789 3105 1038 3204 incomtam
1062 3127 1157 3188 esse
1179 3097 1402 3205 viderem,
1433 3099 1525 3211 ejus
1558 3130 1644 3236 ego
1668 3124 1913 3239 praecepta
1936 3139 2036 3198 non

373 3309 428 3370 eo
457 3275 648 3366 consilio
669 3269 860 3400 ,tradidi-2,
901 3291 953 3361 ut
981 3292 1136 3376 auctor
1155 3299 1318 3358 eorum
1344 3297 1507 3374 ,vanam
1530 3287 1798 3388 §expeterem
1825 3274 2036 3396 gloriam,
2168 3243 2171 3248 Ι

371 3440 597 3564 siquidem
624 3442 799 3548 omnia,
828 3471 944 3560 quae
969 3437 1159 3562 protuli,
1189 3437 1393 3556 quamvis
1420 3437 1758 3542 ,exercitationis
1792 3445 2036 3552 maximae,

371 3610 549 3734 ingenii
577 3628 732 3708 tamen
765 3601 1007 3695 mediocris
1027 3607 1160 3718 ‚suntss
1210 3603 1290 3692 sed
1321 3623 1376 3712 ut
1413 3603 1604 3694 offusam
1634 3603 1745 3695 huic
1779 3611 2037 3727 scriptionis

372 3777 529 3899 generi
560 3775 800 3902 caliginem
820 3805 851 3874 ¹a
872 3770 1111 3866 doctorum
1130 3773 1334 3878 virorum
1358 3771 1520 3859 animis
1539 3767 1723 3858 tandem
1749 3767 2035 3888 depellerem.

371 3943 520 4063 Atque
541 3960 746 4064 suscepta
762 3941 900 4032 semel
919 3939 1007 4030 hac
1021 3939 1260 4062 provincia
1286 3967 1459 4028 errores
1479 3935 1686 4036 ¹diuturni
1714 3956 1847 4058 atque
1866 3945 2038 4061 praeju.

375 4109 493 4216 dicia
522 4110 767 4210 inveterata
793 4109 911 4200 mihi
935 4129 1069 4199 ertutt
1096 4101 1382 4228 corrigenda,
1414 4085 1560 4223 eoque
1583 4123 1814 4210 sumeres,
1843 4125 1935 4197 tam
1955 4112 2038 4229 qui

374 4307 500 4366 nime
519 4274 700 4397 vigent,
728 4243 1033 4397 irnpugnandi
1045 4281 1067 4380 ,’
1087 4303 1244 4394 quam,
1276 4273 1357 4394 qui
1375 4273 1467 4378 yita
1486 4271 1632 4410 functi
1652 4294 1774 4379 sunt,
1806 4275 2036 4394 culpandi.

375 4445 512 4538 Unde
532 4447 628 4550 fiet,
648 4461 700 4532 ut
717 4444 770 4533 in
787 4441 990 4546 illorum,
1007 4439 1238 4563 siquidem
1253 4446 1415 4566 inique
1433 4449 1648 4555 sentiant,
1669 4449 2038 4574 indignationem

374 4615 623 4732 incurram3
659 4612 827 4705 horum
860 4585 1009 4704 autern
1036 4615 1199 4706 Manes
1226 4576 1346 4721 uon,
1374 4632 1425 4703 ut
1449 4607 1531 4733 par
1562 4617 1643 4722 sit,
1683 4617 1831 4710 colere
1869 4619 2038 4726 videar.
2156 4699 2159 4704 Α
