4722 5868
1139 607 1393 672 ...2-

376 915 389 926 1
425 834 546 925 quae
571 797 888 922 hieroglyphis
910 793 1116 892 involuta
1137 795 1430 924 significavit,
1450 796 1814 912 immensumque
1837 823 1919 911 per
1940 826 2102 886 aevum

428 997 612 1058 manere
644 964 791 1055 voluit
823 963 971 1082 prisca
1003 962 1262 1082 Aegyptus,
1297 989 1354 1056 ea
1388 977 1455 1060 tot
1487 957 1770 1058 saeculorum
1804 954 1998 1046 decursu
2030 959 2105 1046 vel

425 1161 556 1221 nunc
581 1127 774 1250 quidem
799 1147 1001 1244 manent,
1032 1125 1112 1218 sed
1135 1127 1230 1214 vim
1255 1157 1308 1224 vac
1334 1147 1601 1246 potestatem
1626 1157 1784 1224 eorum
1806 1158 1868 1222 ue
1892 1129 1985 1218 ullo
2006 1131 2103 1248 qui-

428 1294 536 1384 dem
567 1293 709 1391 modo
742 1293 814 1392 rel
844 1291 1094 1390 doctissimi
1120 1288 1274 1392 adhuc
1310 1297 1569 1414 perspicere
1603 1296 1855 1394 valuerunt.
1933 1297 2102 1415 Neque

430 1463 606 1554 felicius
629 1482 866 1558 cesserunt·
884 1491 1051 1560 eorum
1084 1457 1255 1566 studia,
1282 1464 1367 1581 qui
1399 1465 1450 1550 in
1480 1463 1760 1583 explicandis
1789 1465 1927 1560 literis
1956 1466 2105 1560 Perse-

427 1629 641 1750 politanis
660 1627 933 1750 (Cunctator
950 1624 1343 1742 rocantl-operam
1373 1628 1666 1728 collocarunt.
1711 1627 1803 1722 Vix
1828 1624 2012 1721 tandem
2039 1628 2106 1714 in-

431 1815 599 1884 certam
639 1794 841 1915 effugere
879 1811 1051 1882 ‚sortem
1085 1795 1409 1912 ,inscriptiones
1442 1789 1747 1897 Phoeniciae,
1788 1791 2104 1908 Palmyrenae,

430 1960 636 2048 Persicae
653 1975 740 2053 cet.
760 1986 874 2077 quas
882 2022 902 2077 ,1
926 1955 1123 2086 ¹tenebris
1143 1943 1230 2054 di'u
1258 1955 1500 2061 obductas,
1525 1955 1756 2044 oblivioni
1775 1959 1855 2076 qui
1879 1961 2106 2077 eriperent

435 2137 696 2238 opportune
716 2137 759 2207 et
783 2119 973 2207 feliciter
989 2121 1257 2220 exstiterunt
1277 2119 1368 2218 riri
1386 2118 1580 2237 perenni
1600 2137 1646 2216 ¹et
1667 2116 1938 2246 amplissima
1963 2119 2106 2241 gloria

418 2283 565 2412 ‚digni
586 2284 893 2402 Barthelemy,
926 2287 1141 2390 Svint0n‚
1172 2286 1300 2416 Saoy.
1383 2245 1386 2251 Ι

484 2428 487 2432 ¹
539 2453 584 2578 p
614 2480 653 2542 2.
714 2450 845 2572 Quae
867 2483 1010 2570 quum
1024 2451 1076 2536 in
1099 2451 1253 2548 animo
1275 2456 1521 2552 nobiscum
1540 2474 1875 2572 reputaremus,
1894 2461 2106 2583 negotiis

354 2737 356 2744 y
429 2621 542 2744 jam
560 2612 757 2736 procul,
785 2633 838 2713 ut
861 2632 997 2730 poeta
1028 2615 1111 2717 ait,
1131 2617 1318 2716 ⁸nostris
1331 2644 1423 2712 ,nos
1441 2613 1620 2718 ‚ducere
1648 2621 1814 2722 attam
1844 2628 2106 2743 ,auspiciis

426 2783 551 2903 fato
565 2779 781 2898 serente,
810 2809 1020 2900 magnam
1048 2779 1199 2865 aetatis
1222 2795 1416 2897 partem,
1447 2777 1634 2904 diesque
1651 2803 1906 2920 noctesque
1935 2795 1987 2883 iu
2016 2791 2107 2882 hoc

438 2949 590 3043 studio
622 2945 815 3038 colendo
837 2945 1191 3056 consumsimuS,
1224 2941 1372 3076 quod,
1402 2965 1453 3033 ut
1483 2943 1668 3070 infelix,
1700 2957 1848 3073 quivis
1875 2961 1928 3046 in
1950 2976 2109 3084 perpe.

437 3141 568 3210 tuum
589 3119 792 3240 profecto
809 3113 1040 3208 desereret
1057 3112 1302 3214 incultum,
1330 3115 1411 3246 qui
1432 3115 1547 3205 lucri
1564 3148 1702 3214 ¹causa
1713 3119 1857 3222 libros
1882 3127 2107 3218 scriberet.
2145 3235 2148 3242 ¹

437 3289 604 3406 Neque
630 3285 755 3375 euim
774 3280 866 3378 ulla
885 3278 1114 3372 bonarum
1133 3277 1305 3376 artium
1332 3281 1475 3401 magis
1499 3285 1706 3412 neglecta
1738 3310 1783 3378 et
1815 3292 1957 3382 veluti
1985 3324 2110 3412 squa.

439 3452 706 3558 loraobsita
730 3448 864 3561 jacet,
892 3473 1027 3563 quam
1055 3441 1423 3564 palaeographia:
1454 3451 1580 3561 cujus
1610 3457 1908 3576 ¹perexiguam
1935 3482 2109 3586 partem¹

438 3617 534 3729 vin.¹
553 3613 883 3731 amplectuntur
911 3608 1177 3702 necessitate
1204 3614 1354 3704 coacti
1399 3618 1502 3704 artis
1541 3609 1859 3737 diplomaticae
1903 3625 2106 3717 studiosi.

439 3757 562 3876 Inter
583 3780 844 3902 philologos
860 3774 1276 3902 ‚etiam‚flaliosques‚
1306 3784 1388 3900 qui
1411 3775 1687 3906 antiquitatis
1707 3788 1857 3880 studio
1881 3811 2107 3902 tenentur,

441 3978 541 4036 raro
565 3948 758 4063 reperies
778 3964 988 4042 ¹veterum
1007 3942 1326 4060 scripturarum
1347 3952 1587 4045 curiosum.
1643 3956 1775 4077 Quos
1796 3977 1948 4048 tamen
1971 3962 2126 4079 ipsos,'

442 4119 481 4210 si
507 4115 854 4236 palaeographia
870 4147 975 4214 nou
1000 4113 1166 4202 imbuti
1189 4131 1312 4218 sunt,
1345 4145 1448 4218 cunr
1473 4116 1618 4210 doctis
1643 4077 1951 4239 analphabetis
1983 4121 2108 4212 haud

439 4288 961 4404 iujuriarco'mparauer'is.
989 4285 995 4300 '
1015 4285 1321 4407 Quinetiam,
1343 4315 1493 4417 ,quum
1512 4289 1772 4410 peregrinas
1789 4291 1998 4412 regiones
2013 4319 2111 4406 per-

441 4433 694 4564 lustrarem,
716 4459 770 4548 in·
792 4455 1122 4558 tabulariorum·
1139 4447 1347 4555 custodes
1367 4446 1537 4554 incidi,
1562 4451 1727 4570 quibus
1752 4485 1812 4540 ne
1832 4453 1984 4572 legere
2014 4453 2110 4574 qui.

447 4623 553 4734 dem
574 4658 656 4748 per
670 4623 947 4748 imperitiam
965 4621 1120 4714 liceret
1132 4613 1310 4712 'chartas
1336 4615 1455 4708 curis
1484 4615 1690 4733 ipsorum
1712 4613 1983 4720 commissas,
