4722 5868
1049 563 1331 650 ψ...

352 734 377 746 ”’
466 734 506 854 ᾗ.
535 733 603 851 48.
635 735 767 856 Quae
787 740 839 826 iu
864 742 985 832 notis
1013 744 1281 840 Tironianis
1303 769 1409 843 sunt
1431 754 1659 850 literarum
1679 765 1847 887 figurae
1870 799 2028 890 pareu-

353 919 448 988 tem
468 931 566 990 non
597 921 851 1022 agnoscunt
872 907 1157 1025 scripturam,
1188 944 1323 1032 quam
1347 920 1576 1036 appellant
1596 928 1917 1039 minusculam,
1948 937 2028 1028 sed

350 1067 653 1181 majusculam.
723 1070 902 1164 Literas
925 1078 1069 1183 enim,
1091 1109 1215 1197 quae
1238 1101 1385 1198 partes
1414 1108 1520 1176 suut
1554 1112 1785 1206 notarum,
1816 1101 2024 1218 capitales

347 1261 472 1339 esse,
504 1219 788 1352 exploratum
814 1236 1056 1332 habemus:
1086 1247 1289 1362 quamvis
1323 1247 1375 1334 in
1402 1251 1651 1342 uncialium
1677 1259 1909 1352 interdum
1936 1271 2023 1358 for-

348 1434 490 1509 mam,
522 1433 664 1522 quum
698 1407 965 1496 festinanter
995 1409 1284 1516 scriberetur,
1323 1411 1650 1536 degenerarint
1719 1429 2023 1552 Nequaquam

345 1585 499 1654 autem
526 1569 747 1658 facilitatis
776 1589 821 1656 et
850 1571 1151 1660 festinationis
1173 1604 1304 1664 causa
1325 1576 1480 1668 literae
1502 1583 1770 1694 majusculae
1792 1590 2021 1690 adhibitae

344 1732 556 1838 fuissent,
585 1735 644 1839 si,
673 1737 953 1826 minusculae
981 1769 1074 1858 quo
1095 1745 1300 1859 tempore
1325 1761 1537 1833 notarum
1565 1751 1750 1868 scriptio
1773 1755 2021 1872 primordia

341 1901 522 2006 sumsit,
559 1903 657 2010 iam·
680 1903 732 1990 in
755 1923 842 1991 usu
871 1904 1079 2040 fuissent
1130 1907 1343 2026 Namque
1378 1911 1511 1998 simul
1534 1942 1586 2000 ac
1608 1917 1850 2034 scriptura,
1879 1956 2015 2046 quam

343 2067 578 2154 cursivam
600 2068 791 2173 vocant,
821 2069 1033 2173 invaluit,
1061 2067 1175 2158 haec
1209 2071 1511 2189 Tironianam
1541 2083 1877 2202 angustioribus
1902 2093 2018 2188 limi.
2054 2174 2060 2180 .

341 2233 462 2323 tibus
490 2231 658 2360 sensim
681 2232 903 2334 coercuit,
928 2250 972 2317 et
993 2233 1184 2320 omuino
1210 2236 1395 2345 tandem
1419 2244 1659 2335 submovit
1722 2251 1879 2370 Quum
1903 2293 2013 2354 vero

338 2357 886 2514 scripturaIlomanorum
905 2397 1056 2492 minor
1083 2392 1236 2515 ligata,
1265 2400 1316 2492 id
1349 2427 1414 2496 est
1444 2413 1587 2522 (utita
1616 2411 1778 2554 dicam)
1807 2425 2011 2520 minuto.

336 2585 556 2663 cursivo,
585 2557 672 2668 jam
694 2557 746 2642 in
771 2555 1150 2674 inscriptionibus
1176 2565 1669 2676 anniCCCXXXVlII
1702 2589 2007 2706 conspiciatur

335 2721 570 2840 (§.137);
607 2695 734 2806 recte
764 2715 875 2860 iude
909 2715 1193 2840 colligimus,
1247 2748 1378 2822 notas
1412 2731 1687 2833 Tironianas
1720 2775 1778 2834 ex
1803 2767 2009 2871 tempore

332 2886 480 2977 tnulto
513 2883 770 3002 antiquiore
801 2885 1026 3004 originem
1057 2885 1245 2982 trahere.
1315 2894 1446 3015 Quin
1481 2905 1615 2996 etiam
1649 2911 1748 3027 ipsa
1778 2912 2007 3011 literamm

208 3033 209 3038 Ν
335 3050 599 3162 conjunctio
634 3054 679 3134 ot
714 3049 978 3182 coarctatio,
1008 3051 1060 3136 in
1091 3055 1211 3144 notis
1243 3058 1402 3166 obvia,
1432 3069 1677 3187 scripturae
1703 3097 1769 3165 est
1790 3083 2006 3192 majuscu-

331 3215 423 3321 lae,
454 3210 697 3330 differtque
728 3213 918 3299 omniuo
950 3243 974 3298 a
1008 3212 1149 3304 modo
1180 3216 1328 3312 literas
1357 3223 1602 3349 jungendi,
1642 3240 1802 3358 quiin
1829 3245 2005 3368 uolgari

330 3380 552 3499 scriptura
582 3377 756 3466 cursiva
785 3395 1037 3494 usurpatur.

313 3545 318 3552 ’
440 3543 480 3663 §-
511 3571 579 3664 49.
639 3539 1000 3662 Orthographia,
1032 3567 1147 3662 quae
1165 3546 1217 3636 in
1238 3552 1360 3644 notis
1380 3571 1469 3662 est,
1511 3553 1703 3650 indubia
1720 3569 2000 3691 'antiquitatis

328 3715 516 3834 vestigia
547 3741 655 3832 prae
687 3742 735 3801 se
764 3713 869 3816 fert,
898 3731 950 3800 ut
976 3712 1093 3800 infra
1115 3715 1295 3840 (§.299)
1329 3719 1746 3822 demonstrabimus.
1828 3741 1995 3860 Neque

328 3899 479 3968 umen
509 3873 632 3965 ideo.
649 3875 935 3980 inficiamur,
977 3897 1152 3995 praeter
1180 3879 1300 3976 hanc
1327 3892 1648 3998 vemstiorem,
1695 3904 1995 4000 recentiorem

327 4043 463 4132 e'tiam
485 4037 857 4160 orthographiam
876 4039 928 4128 in
947 4043 1068 4134 uotis
1090 4021 1260 4142 exstare
1285 4055 1348 4173 (ᾗ.
1362 4053 1452 4170 52).
1509 4057 1589 4148 Illa
1608 4091 1741 4172 vem,
1772 4100 1909 4190 quam
1925 4106 1993 4168 so.

327 4211 418 4300 lam
446 4206 502 4294 ab
526 4205 661 4294 initio
688 4225 946 4328 usurpatam
970 4237 1064 4300 esse
1082 4215 1325 4310 verisimile
1350 4240 1434 4327 est,
1463 4224 1663 4342 priscum
1686 4251 1896 4350 notarum
1915 4239 1993 4330 Ti·

274 4431 282 4436 -
325 4375 617 4467 romanarum
638 4401 771 4466 usum
791 4373 879 4486 iam
908 4361 1011 4470 satis
1040 4379 1196 4501 arguit
