4722 5868
1084 589 1343 644 -Οι-ι

372 788 406 864 .·
492 778 533 896 §j
564 775 602 862 5.
658 767 887 889 Equidem
924 766 1144 858 ab·initio
1182 764 1251 859 rei
1286 761 1603 889 diplomaticae
1634 791 1820 870 tantum
1863 803 2048 893 operam

380 943 566 1046 novavi,
599 935 725 1028 etde
745 937 826 1040 iis,
856 927 1043 1056 quaein
1064 934 1151 1024 hac
1176 947 1270 1040 arte
1293 929 1488 1023 scribere
1509 953 1695 1028 conatus
1722 931 1842 1046 sum,
1870 943 1924 1028 in
1948 944 2049 1031 scri-

376 1110 465 1197 niis
499 1104 649 1194 adhuc
678 1095 941 1208 latentibus,
980 1093 1068 1214 jam
1094 1100 1266 1221 aliquot
1296 1096 1464 1188 abhinc
1496 1126 1642 1191 annos·
1671 1102 1956 1224 (in-epham.
1985 1111 2049 1198 lit.

239 1263 240 1268 Ν
374 1272 575 1362 Gothan.
603 1271 722 1363 1802.
752 1301 799 1358 n.
816 1297 907 1358 101.
933 1264 1119 1383 nitor.)
1155 1267 1376 1359 certiores.
1389 1265 1495 1358 facti
1526 1285 1632 1358 sunt
1651 1269 1739 1358 viri
1764 1271 1901 1364 docti.
1961 1273 2052 1365 Sed

379 1440 547 1532 haecce
582 1439 797 1557 palaestra
837 1461 1002 1556 quum.
1028 1429 1166 1522 nimis
1216 1457 1417 1557 angusta
1436 1429 1756 1525 mihi-deinde
1794 1429 2048 1540 videretur,

377 1608 752 1731 atqueinprimis
780 1596 837 1692 ad
868 1607 1056 1722 stirpem
1089 1619 1132 1688 et
1152 1593 1584 1722 cognationemtot
1612 1597 2050 1722 scripturae-vetetis

375 1775 647 1870 familiarum
670 1765 1037 1892 investigandam·
1051 1765 1199 1856 fontes
1215 1779 1502 1882 ‘repeterem
1531 1763 1619 1878 jam
1642 1765 1821 1885 pridem
1843 1761 2050 1888 'spatium

375 1939 528 2027 minus
550 1939 680 2026 arctis
705 1934 1093 2054 circumscriptum
1119 1930 1290 2026 finibus
1310 1933 1534 2050 quaesivi,
1565 1931 1740 2046 majora
1753 1929 2049 2058 [gravioraque
2092 1904 2093 1908 Ν

378 2104 623 2222 amplexus.
682 2101 791 2220 Quo
815 2099 983 2190 factum
1002 2095 1090 2204 est}
1115 2112 1168 2186 ut'
1185 2092 1560 2215 palaeographiae
1583 2102 1761 2190 criticae
1782 2101 2051 2192 condendae

377 2296 567 2385 magnos
602 2265 876 2380 susciperem
907 2256 1107 2364 labores,
1152 2259 1381 2376 quaelibet
1415 2267 1647 2353 excutiens
1679 2272 1843 2385 scripta
1873 2277 1967 2362 sive
1998 2280 2051 2364 in

318 2545 324 2561 ἱ
375 2461 620 2535 marmore,
651 2431 825 2518 sivein
860 2456 986 2534 aare,
1014 2425 1108 2516 sive
1140 2423 1192 2514 in
1219 2421 1499 2532 membrana,
1531 2431 1700 2516 sivein
1725 2463 1923 2551 papyro,
1953 2443 2047 2530 sive

374 2599 426 2684 iu
449 2594 629 2716 argilla,
657 2595 751 2682 sive
778 2591 830 2679 in
859 2589 1016 2711 quavis
1047 2585 1131 2678 alia
1159 2591 1367 2703 materia;
1403 2592 1498 2678 sive
1528 2592 1683 2680 literae
1715 2599 1805 2687 sint
1840 2605 2046 2715 orientis,

375 2761 470 2850 sive
499 2757 778 2864 occidentis,
819 2751 958 2844 modo
994 2751 1051 2846 ad
1081 2757 1278 2844 literatae
1312 2756 1557 2873 scripturae
1588 2759 1777 2851 familias
1815 2789 2045 2890 cognatas,

330 2899 331 2906 Ν
377 2913 567 3045 quarum
584 2927 772 3042 stirpem
795 2921 1050 3012 Semiticam
1072 2919 1251 3028 dicunt,
1282 2943 1497 3040 spectent.

488 3091 528 3207 q.
560 3113 599 3200 4.
656 3089 711 3172 In
737 3087 891 3174 animo
926 3083 1114 3205 quidem
1137 3088 1304 3192 fuerat,
1335 3119 1432 3176 non
1465 3091 1593 3209 prius
1622 3123 1813 3214 operum
1840 3131 2048 3194 meorum

378 3251 628 3374 quidquam
649 3246 805 3352 edere,
827 3280 962 3368 quam
986 3251 1252 3341 coronidem
1268 3255 1377 3374 ipsis
1390 3257 1719 3376 imposuissem.
1786 3263 1876 3352 Sed
1905 3299 2048 3386 quum

376 3425 651 3510 immensum
681 3417 878 3505 instituti
912 3413 1246 3508 considerarem
1281 3421 1521 3529 ambitum,
1561 3427 1637 3512 cui
1665 3453 1881 3520 numerus
1909 3463 2049 3524 anno-

378 3621 479 3679 rum
512 3589 630 3676 vitae
658 3583 856 3674 fortassis
885 3615 984 3673 non
1013 3585 1256 3692 sufficeret,
1306 3589 1360 3675 ab
1394 3591 1551 3708 amicis
1579 3615 1808 3710 praeterea
1838 3604 2050 3716 peritissi.

305 3875 310 3886 Ι
376 3762 482 3864 mis,
512 3785 773 3876 magnoque
799 3751 959 3865 judieii
988 3755 1197 3842 acumine
1223 3753 1463 3874 praeditis,
1493 3755 1549 3844 ad
1575 3757 1805 3849 edendum
1824 3763 1893 3869 id,
1924 3768 2051 3885 quod
2127 3847 2130 3854 .

376 3929 483 4016 licet
504 3925 707 4014 avulsum
731 3953 755 4010 a
778 3922 934 4010 ceteris
951 3951 1042 4043 *per
1058 3951 1106 4010 se
1127 3922 1278 4038 ipsum
1298 3939 1449 4008 tamen
1477 3942 1678 4010 constare
1696 3929 1857 4042 possit,
1889 3935 2050 4024 excita.

375 4125 468 4206 rer3
497 4089 660 4179 abhoc
680 4088 866 4179 tandem
888 4088 1141 4194 volumine,
1178 4119 1272 4208 quo
1299 4091 1632 4177 institutiones
1648 4089 2052 4222 lachygraphz'ae

378 4271 592 4350 ceterum
616 4261 933 4363 continentur,
963 4255 1213 4374 primordia
1233 4285 1392 4373 capere
1413 4287 1512 4343 non
1533 4262 1749 4347 recusavi.

493 4429 532 4547 q.
563 4423 602 4514 5.
660 4425 756 4514 Jam
793 4454 901 4511 vero
945 4423 1172 4512 orientalis
1209 4423 1559 4548 tachygraphiae
1591 4433 1873 4522 monimenta
1907 4469 2050 4558 quum

378 4619 561 4714 prorsus
582 4588 814 4698 deficiant,
844 4591 962 4680 intra
986 4587 1276 4683 occidentalis
1292 4593 1405 4684 fines
1428 4625 1515 4685 nos
1535 4599 1848 4724 contineamus
1867 4632 2053 4698 necesse
