4778 5902
923 609 1012 660 '2-
1064 608 1150 698 277
1207 623 1263 656 ····

262 801 355 909 dit,
393 829 491 890 nou
522 792 611 884 nisi
641 792 778 882 trium
803 808 1079 911 punctorum
1108 794 1292 914 signnm
1320 783 1562 911 reperiam-3
1589 821 1750 914 tneque
1773 792 1937 890 desunt

265 969 372 1058 libri
391 963 647 1085 vulgaribus
657 961 804 1052 liter-is
822 961 998 1080 scripti,
1027 961 1080 1046 in
1095 945 1261 1076 quibus
1274 956 1392 1045 illud
1417 961 1730 1076 conspiciatur.
1785 962 1938 1085 Atque

266 1135 349 1220 tria
366 1147 534 1250 puncta
552 1128 640 1238 jam
658 1123 768 1214 inde
790 1126 844 1214 a'b
865 1098 1185 1243 antiquissimis
1197 1121 1482 1238 temporibus
1501 1119 1703 1210 adhibita
1722 1125 1858 1214 fuisse
1879 1122 1937 1214 ad

264 1296 401 1383 verba
421 1285 761 1410 distinguenda,
789 1285 1024 1404 inscriptio
1047 1282 1181 1376 docet
1204 1285 1517 1391 Atheniensis,
1539 1315 1664 1406 *quae
1689 1315 1715 1374 a
1741 1287 1948 1380 Nointe-·

216 1459 219 1466 ’
262 1457 352 1561 lio,
373 1457 453 1574 qui
475 1455 648 1572 primus
672 1481 772 1541 eam
789 1447 1011 1570 possedit,
1036 1478 1208 1537 nomen
1227 1451 1423 1568 accepit,
1445 1447 1788 1570 quadringentis
1806 1452 1937 1570 quin·

266 1620 481 1739 quaginta
510 1633 683 1733 septem
718 1616 849 1703 annis
873 1631 982 1700 ante
1003 1609 1242 1702 Christum
1265 1633 1428 1704 natum
1455 1603 1629 1703 exarata
1655 1617 1934 1726 (Montfauc.
1980 1685 1983 1698 ,

264 1783 489 1904 palaeogr.
522 1783 606 1867 Gr.
634 1812 679 1898 p.
700 1777 791 1869 135.
843 1783 964 1872 Mus.
978 1765 1109 1871 Jmon.
1122 1771 1283 1871 ³Franc.
1299 1785 1337 1870 l.
1361 1779 1418 1870 ad
1447 1782 1808 1900 poa-Tabala
1833 1814 1933 1874 nx.

263 1949 386 2038 Nov.
408 1976 483 2063 op.
505 1943 614 2064 dipl.
632 1948 663 2032 1.
692 1941 859 2031 Taua
881 1953 1015 2055 mx),
1051 1947 1102 2033 in
1115 1948 1246 2058 eujus
1269 1949 1415 2068 capite
1433 1949 1773 2072 interpungitur
1791 1949 1935 2078 tribus

264 2116 446 2232 punctis
483 2113 504 2217 ’Ξ
551 2107 608 2198 ad
636 2104 1017 2227 perpendiculum
1046 2107 1263 2208 demissis.
1322 2113 1421 2206 sed
1445 2115 1523 2204 illa
1551 2116 1687 2202 etiam
1708 2115 1857 2204 forma

266 2279 544 2397 conspicitur
559 2277 609 2362 in
624 2271 935 2398 titulolapr'dis
952 2277 1163 2372 Romano
1181 2280 1399 2386 (Itinerar.
1418 2277 1546 2369 duor.
1563 2275 1736 2368 Bon'ed.
1753 2281 1788 2368 l.
1806 2281 1934 2394 doolg

256 2441 518 2563 eodemque
540 2419 701 2542 modo,
730 2438 804 2526 vel
824 2437 958 2524 etiam
977 2434 1073 2525 hoc
1103 2451 1180 2545 ·,·,
1216 2442 1422 2562 pingitur
1451 2473 1593 2562 quum
1611 2443 1670 2530 in
1692 2441 1818 2530 libris
1843 2472 1933 2531 ma.

258 2585 533 2724 nuscriptis,
556 2625 653 2692 tum
683 2603 734 2689 in
760 2579 1002 2692 Pandectis
1025 2585 1322 2709 Florentinis,
1351 2606 1475 2742 quin
1506 2606 1639 2709 etiam
1659 2599 1717 2695 -in'
1733 2605 1931 2699 -Graecis

263 2766 673 2892 tachygraphorum
704 2770 825 2861 notis
857 2770 916 2887 (d.
933 2768 1051 2882 478).
1609 2763 1612 2772 ’

275 2925 278 2933 ⁴
378 2945 551 3063 §.¹319.
612 2937 764 3060 Quod
792 2957 948 3076 autem
963 2943 1310 3035 'Brencmannus
1327 2947 1635 3056 (Hist‘Pand.
1659 2949 1767 3062 1²36)
1784 2935 1929 3044 trium

262 3075 537 3234 punctorum
564 3107 746 3226 signum
778 3135 882 3196 cum
910 3107 1236 3202 Hebraeorum·
1258 3110 1419 3230 Saegol
1446 3117 1694 3230 comparat,
1731 3135 1783 3202 ut
1813 3149 1929 3208 uvae

263 3272 486 3401 pendenti
516 3263 707 3400 (impp)
736 3273 883 3362 simile
906 3275 982 3379 sit,
1012 3306 1064 3363 ea
1088 3274 1274 3394 quidem
1291 3280 1567 3395 comparatio
1588 3311 1690 3368 non
1718 3284 1929 3400 simplici

262 3467 330 3536 ter
351 3443 449 3532 ficri
463 3453 611 3558 potest
632 3467 743 3542 cum,
759 3441 912 3562 signo,
933 3437 1073 3558 'quod'
1083 3441 1143 3527 in
1162 3405 1283 3529 notis
1301 3441 1564 3534 Tironianis
1583 3447 1747 3564 passim
1764 3451 1929 3566 reperi·

263 3587 355 3702 tur.
403 3611 458 3696 In
475 3608 531 3695 iis
553 3605 676 3692 enim
698 3634 798 3692 non
819 3602 976 3694 eadem
997 3635 1173 3725 semper
1194 3626 1259 3698 est
1276 3627 1549 3726 punctorum
1570 3606 1827 3728 dispositio,
1842 3603 1929 3702 sed

264 3771 578 3893 praeter‘illam
594 3771 790 3858 ¹formam
806 3759 1071 3868 modo'haec¹
1095 3773 1138 3860 f.
1197 3769 1462 3859 modohae'c
1480 3765 1524 3867 3‘3
1577 3771 1726 3860 modo
1741 3771 1854 3862 haec
1881 3781 1925 3866 ζ·

265 3936 561 4054 conspicitur,
607 3905 1014 4056 Quemadmodum
1041 3967 1149 4026 vero
1178 3969 1236 4026 ex
1263 3936 1439 4029 duobus
1468 3943 1668 4060 punctis,
1698 3973 1840 4061 quum
1860 3941 1932 4032 fe.

262 4107 479 4196 stinanter
519 4123 779 4211 exarenttn,
826 4105 1028 4229 virgula,
1077 4130 1212 4224 quam
1254 4099 1449 4192 Conmza
1481 4085 1776 4224 appellamus,
1824 4127 1927 4196 nata

266 4299 361 4361 esse
393 4261 591 4377 videtur3
627 4266 689 4355 ita
716 4270 909 4362 utribus
935 4271 1026 4360 illis
1058 4281 1102 4370 ‘.“
1133 4271 1320 4390 signum
1354 4243 1657 4360 distinctionis
1683 4286 1744 4368 ν’
1779 4257 1927 4388 profe·

266 4458 387 4528 ctum
419 4463 536 4536 esse,
574 4431 689 4520 mihi
716 4433 900 4552 quidem
923 4435 976 4523 -fit
992 4433 1377 4535 verisimillimum.
1444 4435 1733 4555 Conspicitur
1760 4431 1810 4523 id
1830 4451 1929 4526 tam

265 4605 317 4690 in
342 4599 468 4690 libris
499 4593 813 4722 manuscriptis
837 4601 992 4720 (Nor.
1024 4630 1099 4721 op.
1125 4573 1234 4718 dipl.
1260 4601 1336 4688 ΙΙΙ.
1368 4599 1483 4692 Tab.
1502 4627 1571 4718 42.
1590 4605 1680 4718 V),
1718 4631 1853 4724 quarn
1876 4605 1928 4694 in
