4722 5868
871 558 890 606 s
960 593 1022 627 -·-·
1073 553 1130 646 δι’
1185 573 1246 624 ’·-·“

268 756 323 844 ln
362 755 530 879 pagina
554 755 670 852 Lx1
1180 770 1236 856 In
1266 768 1435 892 pagina
1458 767 1685 872 LXXVII

321 917 625 1010 Euander*
731 918 736 928 ’
800 919 805 926 ’
933 925 936 930 ’
1122 933 1169 938 ”
1238 932 1443 1059 Signum
1629 971 1632 978 ’

322 1086 404 1180 Ex
652 1089 699 1200 (l.
723 1085 1002 1212 Excuudii)
1233 1096 1323 1188 Ad
1557 1111 1608 1218 (1.
1625 1109 1903 1238 Adsignui)

1236 1261 1338 1354 Con
1576 1273 1903 1402 (Contigerat)

262 1535 321 1622 In
343 1532 512 1656 pagina
542 1531 625 1623 CV
1232 1541 1474 1636 Adsuetus
1505 1623 1507 1630 .

320 1691 576 1824 Relinquit
1237 1706 1339 1799 Con
1575 1715 1899 1840 (consuescit)

317 1861 431 1954 ue*
527 1907 570 1914 ν-
647 1869 724 1982 ·(1.
740 1863 990 1994 uultque)
1074 1917 1078 1924 -
1233 1873 1336 1970 con
1442 1921 1446 1930 ·
1547 1855 1914 2005 emmaum

320 2027 398 2119 De
599 2085 604 2094 ,
631 2030 988 2161 (Derelinpuit)
1235 2037 1337 2134 Con
1582 2043 1930 2169 (Consulibus),

316 2196 394 2286 De
495 2236 499 2244 ·
642 2196 987 2322 (Dereliquii)‚
1236 2202 1338 2294 Con
1546 2208 1901 2336 (Consuetudo)

260 2362 343 2450 ubi
375 2389 506 2465 cave,
534 2393 594 2450 ne
613 2361 896 2489 Delinpuit,
923 2362 1151 2491 Deliquit
1184 2367 1317 2488 legas.
1366 2367 1651 2458 Difficillime
1676 2394 1827 2470 autem
1862 2403 1928 2472 est

260 2525 477 2616 vitiorum
496 2557 639 2647 quum
664 2526 716 2616 iu
742 2547 952 2622 notarum
971 2530 1145 2650 figuris,
1173 2548 1272 2620 tum
1295 2530 1347 2617 in
1371 2529 1777 2654 significationibus
1803 2537 1926 2631 addi.

259 2695 338 2800 tis,
368 2657 651 2808 emendatio;
680 2725 831 2815 neque
857 2713 1007 2814 potest
1031 2695 1228 2802 institui,
1257 2697 1348 2787 nisi
1376 2693 1466 2792 hoc
1495 2697 1724 2800 scribendi
1755 2663 1931 2826 genere.¹

260 2859 505 2952 accuratius
542 2861 726 2980 cognito
760 2891 811 2948 ac
852 2876 1104 2979 perspecto.
1177 2859 1310 2954 Plura
1341 2890 1476 2952 nosse
1518 2865 1600 2988 qui
1647 2836 1926 2976 (iuniorum,¹
2002 2911 2013 2926 ⁴

258 3022 442 3146 lexicon
457 2988 681 3114 'nostrum
704 3023 886 3133 adeant,
916 3028 968 3112 in
1001 3055 1095 3151 quo
1122 3026 1362 3130 innumera
1393 3023 1670 3126 ‚collectionis
1701 3030 1926 3126 Gruteria·

256 3219 343 3282 nae
371 3188 538 3282 menda
568 3192 865 3312 corriguntur,

366 3412 408 3531 ᾗ.
424 3409 505 3528 76.
567 3393 681 3498 Inde
703 3408 758 3498 ab
783 3407 866 3498 ista
891 3407 1170 3501 collectionis
1199 3379 1402 3502 editione
1422 3437 1584 3514 nemo,
1607 3401 1737 3529 quod
1762 3409 1923 3517 sciam,

259 3577 315 3670 ad
338 3572 653 3697 explicandam
672 3573 972 3708 Tironianam
1001 3575 1264 3694 scripturam
1288 3608 1476 3699 operam
1500 3575 1789 3696 studiumque
1816 3607 1929 3669 con-‚-

258 3747 383 3850 tulit,
415 3741 471 3831 ad
496 3739 546 3830 id
569 3762 747 3860 tempus
772 3769 940 3859 usque,
970 3771 1063 3859 quo
1089 3743 1314 3832 Mabillon
1344 3764 1570 3864 praestans
1598 3763 1642 3832 et
1667 3745 1927 3834 immortale·

259 3899 384 4030 opus⁴
406 3908 467 3998 de
499 3941 550 3999 re
583 3903 907 4028 diplomatica
933 3906 985 3992 in
1008 3905 1158 3996 lueom
1180 3909 1379 4027 protulit.
1436 3911 1582 3995 Licet.
1604 3925 1754 3995 autem
1781 3907 1926 4022 hujus.

256 4079 364 4170 libri
381 4059 549 4197 pagiua
570 4075 653 4196 457
672 4094 766 4164 tota
791 4073 911 4162 notis
927 4071 1193 4163 Tironianis
1212 4077 1269 4164 sit
1285 4076 1472 4194 repleta,
1501 4073 1558 4161 iis
1581 4077 1734 4172 tamen
1755 4045 1924 4195 patum*

165 4303 168 4310 ι
256 4246 504 4368 proficitur.
558 4233 769 4364 Namque
799 4271 898 4329 non
916 4241 1062 4334 solum
1082 4259 1186 4332 sunt
1203 4237 1405 4330 desumto
1441 4239 1554 4328 haec
1581 4241 1830 4359 specimina
1858 4245 1917 4333 ex

258 4411 524 4502 collectione
541 4407 831 4514 Hammonis,
860 4410 941 4530 qui
966 4409 1068 4496 lons
1097 4425 1164 4494 est
1193 4403 1302 4513 fidei
1332 4403 1578 4495 admodum
1612 4403 1799 4510 dubiae,
1835 4405 1921 4498 sed

257 4595 427 4702 scatent
450 4577 585 4668 etiam
609 4569 798 4666 mendis.
867 4574 922 4666 Id
947 4569 1076 4695 quod
1105 4589 1320 4662 testantur
1347 4591 1482 4663 notae
1507 4567 1595 4663 Ad
1598 4637 1611 4675 ,
1645 4561 1743 4678 Ab,
1787 4569 1914 4680 Con,
1972 4702 1975 4710 .
