4778 5902
1039 470 1415 606 ‚ulra-

561 719 601 834 §.
631 715 724 805 350.
777 705 1100 801 Praefationem
1129 703 1299 821 excipit
1322 727 1641 826 argumentum
1662 712 1814 832 ipsius
1837 724 2012 836 operis,
2043 757 2118 816 ve·
2279 751 2284 757 ’

449 881 596 970 mustis
618 875 756 970 literis
782 869 1043 991 capitalibus
1073 869 1311 985 scriptum,
1342 869 1591 961 alternante
1621 865 1838 967 versuum
1868 885 2020 974 colore
2053 894 2121 980 ni.

453 1075 536 1168 gro
556 1045 789 1163 rubroque.
845 1039 927 1126 Est
948 1051 1096 1122 autem
1123 1027 1235 1124 hoc:
1260 1029 1315 1118 In
1336 1038 1529 1125 nomine
1551 1036 1636 1127 dei
1654 1041 1847 1160 summi
1867 1049 2121 1167 incipiunt

452 1218 595 1299 notae
618 1192 812 1297 Senecae
834 1211 883 1292 et
913 1193 1186 1326 Cyceroms
1195 1202 1577 1322 granmticorum
1590 1203 1864 1322 secundum
1885 1213 2120 1307 traditio-

450 1403 555 1464 nem
580 1370 727 1462 Tullii
749 1368 867 1462 haec
895 1367 1023 1453 enim
1050 1358 1146 1479 ars
1156 1355 1480 1484 insatiabilis
1491 1378 1540 1456 ct
1566 1366 1684 1489 illis
1698 1378 1785 1496 qui
1805 1375 1977 1468 uolunt
1996 1380 2118 1473 arelo.

445 1544 568 1628 citer
591 1535 849 1664 curstmque
875 1523 942 1620 ab
966 1526 1082 1648 ipsa
1104 1521 1234 1646 aliis
1247 1522 1456 1652 artibus
1468 1565 1592 1625 mere
1604 1525 1867 1656 scribendi
1889 1535 2118 1668 excipere.

370 1793 376 1798 ,
451 1706 632 1829 Quibus
653 1707 800 1796 verbis
822 1703 1007 1792 fortasse
1028 1685 1248 1786 declarare
1267 1698 1435 1792 voluit:
1464 1703 1592 1791 Haec
1612 1734 1701 1810 ars,
1730 1707 1969 1798 recondita
1987 1731 2031 1800 et
2050 1717 2117 1802 iu.

449 1870 680 1976 exhausta,
707 1870 828 1961 utilis
853 1867 988 1959 etiam
1005 1862 1062 1950 iis
1084 1879 1171 1966 eet,
1200 1862 1282 1981 qui
1303 1860 1394 1950 hoc
1413 1895 1582 1984 genere
1610 1872 1874 1990 scriptionis
1898 1907 1970 1982 ea,
2000 1865 2118 1999 quae

448 2042 502 2127 in
521 2035 618 2125 aliis
642 2034 891 2156 disciplinis
911 2027 1269 2152 praecipiuntur,
1298 2026 1509 2116 velociter
1529 2023 1787 2155 cursimque
1809 2023 2021 2159 excipere
2036 2075 2115 2133 vo.

447 2204 558 2294 lunt
616 2202 906 2291 Praefationis
927 2193 1097 2286 scilicet
1120 2192 1272 2282 locum
1294 2189 1488 2314 intelligi
1507 2195 1623 2301 vult,
1652 2199 1736 2288 ubi
1754 2199 1837 2290 lta
1859 2207 2030 2313 etiam,
2049 2188 2119 2299 iu.¹

446 2373 556 2494 quit,
576 2399 658 2460 ars
679 2368 935 2480 ista(notis
954 2357 1201 2469 scribendi)
1221 2384 1402 2448 omnem
1415 2362 1766 2454 auctoritatem
1782 2373 1897 2458 novi
1915 2401 1977 2460 ac
1993 2386 2114 2466 oete.

444 2541 514 2629 ris
548 2535 853 2639 testamenti,
893 2532 989 2617 sive
1018 2522 1355 2614 ortodoxorum
1381 2533 1613 2640 patrum,
1650 2555 1928 2660 omnemque
1958 2540 2114 2630 erudi.

328 2686 332 2692 ·
446 2711 657 2794 mentum
676 2693 812 2812 fidet
832 2691 1122 2782 velocissime
1150 2681 1298 2778 valde
1323 2689 1538 2805 excipere
1562 2698 1727 2806 petest
1746 2693 1940 2811 (§.545).

560 2866 600 2984 9.
630 2859 727 2953 551.
782 2853 1078 2948 Incommode
1100 2856 1152 2942 in
1174 2852 1266 2941 hoc
1287 2879 1470 2970 quoque
1493 2851 1610 2940 libro
1635 2853 1820 2964 accidit,
1852 2879 1905 2950 ut
1932 2864 2000 2952 rei
2024 2895 2114 2956 om.

445 3033 559 3122 nino
577 3023 820 3147 imperitus
845 3019 1124 3112 membranas
1155 3016 1406 3135 colligeret
1462 3017 1680 3104 Perverse
1709 3019 1835 3108 enim
1862 3039 1908 3109 et
1927 3031 2116 3145 praepa

442 3219 560 3294 stero
590 3191 753 3298 ordine
783 3186 981 3310 digestae
1013 3204 1057 3274 et
1084 3199 1342 3300 compactae
1373 3198 1489 3270 sunt
1557 3183 1730 3274 Notam
1770 3183 2116 3314 Ccnjecit(19)

345 3470 347 3473 .
440 3362 652 3484 proxime
672 3353 876 3474 sequitur
898 3351 1124 3441 munis
1142 3347 1265 3459 (63),
1293 3365 1448 3438 notam
1472 3345 1655 3436 Caetra
1674 3347 1803 3461 (186)
1832 3372 1942 3440 nota
1973 3349 2115 3443 Clau

439 3539 593 3620 strum
605 3523 726 3636 (88),
745 3539 902 3609 notam
917 3509 1248 3643 Archangelus
1260 3514 1357 3635 (99)
1378 3531 1486 3600 nota
1505 3511 1714 3640 Quintus
1734 3509 1987 3620 Scaevola(
1993 3526 2113 3638 190),

438 3713 596 3786 notam
614 3689 908 3778 Damascum
924 3687 1054 3805 (192)
1076 3701 1185 3770 nota
1213 3671 1671 3794 Postumiorum),
1700 3697 1857 3767 notam
1879 3675 2114 3774 Sonorzrm

440 3860 568 3972 (118)
599 3876 708 3948 nota
742 3851 934 3978 Gigans
956 3847 1104 3959 (152),
1131 3867 1287 3936 notam
1314 3841 1368 3932 ln
1391 3845 1685 3962 pampinum
1702 3847 1831 3958 (170)
1860 3833 1973 3935 nota
2000 3847 2115 3940 Cae.

441 4025 594 4147 trojus
614 4021 770 4134 (186),
798 4037 955 4106 notam
976 3989 1219 4107 Labienus
1239 4009 1362 4126 (188)
1389 4031 1497 4100 nota
1515 4007 1690 4110 Iudith
1705 4010 1850 4134 (195).
1919 4018 1994 4174 lix
2022 4016 2114 4107 alio

441 4189 578 4282 etiam
603 4183 720 4270 libro
743 4181 967 4303 ‚quaedam
994 4182 1201 4304 plagulae
1223 4182 1275 4268 in
1302 4178 1427 4267 hunc
1456 4178 1600 4266 illatae
1631 4199 1747 4269 suut
1801 4179 1911 4301 Quo
1941 4184 2111 4274 factum

442 4377 527 4462 est,
546 4375 597 4444 ut
616 4371 725 4440 nota
745 4351 896 4472 Super
912 4355 1106 4468 (subter)
1123 4359 1278 4456 notar,
1299 4369 1431 4472 atque
1451 4378 1609 4442 omues
1629 4377 1744 4469 quae
1759 4367 2026 4468 sequuntur,
2042 4349 2114 4442 bis

445 4537 734 4637 compareant
764 4519 848 4636 (pl.
868 4519 924 4607 50
954 4549 1126 4627 aversa,
1159 4537 1203 4609 et
1222 4515 1311 4630 53).
