4722 5868
474 617 541 658 ..
1144 541 1387 628 -o-

440 771 685 885 ,miradolo
715 760 948 884 perlegere
974 785 1024 841 ac
1046 754 1324 871 perscribere
1345 751 1542 840 discasl''
1584 745 1675 838 Sed
1695 775 1847 868 neque
1871 745 2010 850 haec,
2039 775 2116 834 ne-

440 972 531 1062 que
554 940 638 1024 alia
664 931 721 1021 de
744 931 827 1016 ista
851 916 1081 1012 scribendi
1104 920 1279 1006 ratione
1308 949 1547 1039 perperam
1573 936 1617 1004 et
1642 936 1811 1004 temere
1839 914 1925 1002 lata
1947 911 2116 1024 judicia

439 1103 595 1226 magni
619 1099 820 1186 facimus.
876 1089 1012 1175 Licet
1036 1087 1160 1176 enim
1184 1085 1408 1204 Josephns
1426 1087 1624 1206 Scaliger
1649 1081 1721 1196 (ad
1745 1079 1937 1170 Cardan.
1954 1087 2117 1172 Exere.

442 1271 539 1386 327.
561 1297 606 1384 p.
626 1259 765 1368 1006.)
785 1273 994 1342 notarum
1014 1271 1152 1338 artem
1169 1254 1467 1370 imposturam
1484 1251 1649 1342 dixerit
1668 1268 1724 1338 ac'
1737 1247 1971 1350 delirium,
2002 1276 2117 1336 eam-

444 1466 534 1558 que
557 1419 875 1521 Binkershoek
897 1419 1026 1533 (Obs.
1044 1419 1125 1530 jur.
1139 1421 1275 1505 Rom.
1297 1419 1356 1506 L.
1368 1421 1401 1506 Ι.
1420 1417 1472 1506 C.
1485 1420 1552 1506 25.
1568 1417 1665 1536 ΟΡ(
1680 1416 1751 1509 ed.
1764 1419 1839 1504 lV.
1856 1417 1913 1502 T.
1926 1417 1959 1503 Ι.
1974 1447 2019 1534 p.
2030 1416 2118 1524 ⁶52.)

444 1604 505 1692 ob
532 1597 789 1716 ambiguam
818 1587 996 1674 illarum
1020 1581 1441 1702 interpretationem
1472 1586 1810 1704 perstrinxerit;
1856 1603 2031 1670 tantum
2059 1601 2119 1670 ta-

443 1795 553 1860 men
573 1759 740 1862 abfuit,
769 1771 822 1840 ut
840 1750 955 1840 haec
986 1749 1189 1836 animum
1215 1748 1267 1836 iu
1296 1751 1388 1841 hoc
1417 1751 1617 1864 studium
1650 1751 1954 1842 incumbendi
1982 1753 2118 1842 nobis

445 1937 726 2052 frangerent,
755 1938 807 2008 ut
835 1921 988 2038 potius
1013 1914 1357 2008 inflammarent.
1394 1919 1449 2008 Id
1477 1923 1601 2007 enim
1630 1921 1716 2029 jam
1738 1951 1836 2006 non
1856 1919 2051 2040 agimus,
2070 1937 2122 2006 ut

436 2090 673 2212 'ejusmodi
710 2107 840 2176 notas
871 2087 1204 2206 excogitemnS,
1234 2101 1310 2172 aut
1347 2113 1522 2170 novum
1561 2085 1730 2172 malum
1762 2087 1997 2188 faciamus,
2041 2080 2122 2172 sed

450 2282 503 2354 nt
529 2262 617 2373 jam
643 2250 822 2374 pridem
851 2249 1079 2351 inventas,
1110 2264 1317 2336 aut-sane
1341 2232 1561 2335 exstantes
1591 2248 1892 2365 explicemus,
1922 2245 2122 2366 ideoque

447 2430 565 2521 malo
603 2421 828 2544 praesenti
868 2413 1168 2516 medicinam,
1211 2411 1363 2530 quoad
1405 2415 1498 2523 eius
1528 2415 1627 2501 fieri
1658 2418 1824 2532 possit,
1873 2415 2120 2502 afferamus.

446 2597 556 2716 Quo
590 2586 778 2711 quidem
809 2603 998 2668 munere
1035 2579 1120 2661 rite
1157 2575 1323 2676 functi,
1368 2579 1470 2664 satis
1509 2578 1645 2665 nobis
1690 2576 1748 2664 de
1797 2577 1908 2663 orbe
1947 2577 2121 2665 literato

448 2755 600 2849 meriti
627 2778 721 2838 esse
757 2741 992 2842 videmur,
1021 2755 1074 2824 ut
1096 2745 1258 2859 ‘aequo
1289 2739 1429 2831 'etiam
1457 2747 1610 2836 animo
1640 2750 1886 2868 patiamur,
1927 2749 2120 2869 philolo-

450 2949 561 3042 gum
590 2903 986 3031 palaeographiam
1016 2904 1247 3026 negligere
1277 2926 1321 2996 et
1359 2903 1613 3026 despicere,
1651 2910 1980 3031 philosophum
2010 2944 2118 3032 prae

452 3111 499 3168 se
535 3076 769 3162 neminem
807 3087 965 3188 putare
1005 3069 1412 3193 palaeographum‚
1467 3101 1599 3201 atque
1645 3080 1778 3193 hujus
1831 3103 1970 3172 artem
2013 3103 2119 3172 tam.

453 3277 589 3368 qnam
614 3243 815 3332 laborem
848 3239 1110 3334 illiberalem
1139 3261 1198 3332 et·
1219 3238 1456 3332 sordidum
1482 3263 1798 3352 contemnere,
1837 3251 1951 3367 quin
1987 3252 2121 3336 etiam

455 3413 673 3499 Senecam
703 3408 855 3524 ipsum
890 3407 986 3522 (ep.
1011 3405 1104 3524 90.)
1139 3407 1192 3494 in
1226 3405 1639 3530 tachygraphorum
1678 3433 1807 3502 notas
1838 3415 1903 3500 sic
1939 3412 2121 3507 invehi:

456 3573 625 3695 „Quid
648 3575 806 3692 loquar
833 3571 1077 3660 verborum
1097 3590 1247 3679 notas,
1275 3579 1459 3696 quibus,
1486 3583 1690 3699 quamvis
1714 3583 1868 3687 citata,
1898 3583 2123 3699 excipitur

455 3747 667 3853 ‚,orat10,
709 3762 755 3830 et
790 3740 1061 3829 celeritatem
1098 3740 1283 3862 linguae
1316 3778 1476 3838 manus
1507 3749 1742 3869 seqnitnr‘.²
1789 3748 2122 3836 Vilissimorum
2181 3805 2183 3810 ·

455 3914 822 4040 „mancipiorum
857 3910 941 4041 ista
982 3927 1237 3996 commenta
1273 3929 1390 4000 sunt.
1455 3915 1688 4035 Sapientia
1714 3916 1844 4006 altius
1867 3915 2010 4024 sedet,
2038 3947 2125 4006 nco

455 4109 649 4186 „manus
671 4077 855 4184 edocet,
885 4078 1139 4164 animorum
1164 4079 1372 4200 magistra
1393 4085 1494 4172 est''

457 4343 462 4352 ,
568 4247 607 4366 d.
640 4281 682 4366 7.
736 4247 956 4368 Quamvis
987 4247 1127 4368 igitur
1160 4277 1259 4334 non
1293 4243 1575 4356 dubitemus,
1604 4253 1701 4340 fore
1728 4253 1994 4373 plerosque,
2026 4252 2127 4370 qni,

462 4445 576 4534 quae
606 4435 867 4520 tractamus,
897 4417 1115 4544 curipsius
1142 4445 1228 4512 nos
1251 4431 1435 4502 tractare
1466 4434 1651 4532 putent,
1678 4451 1812 4538 quam
1848 4436 2128 4520 mereantur,

457 4578 654 4701 ideoque
686 4612 951 4702 persuasum
979 4579 1253 4685 habeamus,
1293 4576 1419 4701 quod
1454 4575 1627 4694 edimus
1658 4614 1774 4702 opus
1807 4581 1863 4668 iis
1897 4581 2023 4667 libris
2058 4577 2130 4668 ad-
