4476 5760
1083 409 1404 473 -210-

416 594 588 713 quibus'
607 594 658 688 in
683 593 922 687 vernacula
945 594 1192 711 scriptione
1213 625 1299 684 nos
1325 595 1544 686 Germani
1563 595 1753 702 utimur,
1791 600 1931 722 vulgo
1963 603 2085 701 adht,

418 763 584 855 bantur
612 759 884 847 characteres
916 753 992 883 66,
1023 771 1087 862 St,
1117 790 1312 877 quorum
1339 765 1470 853 notio
1494 761 1703 879 (Pfimd,
1731 762 1920 879 Heller)
1946 776 2088 879 nemi

420 958 530 1017 nem
554 922 740 1045 quidem
766 925 902 1044 sugit,
943 954 1048 1011 vera
1075 945 1228 1030 tamen
1258 924 1463 1026 conditio
1492 928 1698 1045 pluribus
1727 930 1884 1051 ignota
1916 954 1994 1024 est
2050 939 2090 1045 li

417 1089 726 1209 solummodO,
756 1091 838 1209 qui
866 1110 1153 1208 compertum
1176 1089 1439 1208 habuerint,
1474 1121 1546 1180 eas
1578 1123 1636 1180 ex
1664 1094 1803 1183 Latio
1830 1099 1883 1185 in
1908 1098 2090 1189 Germa·

418 1262 543 1353 niam
576 1258 833 1360 transiisse,
877 1257 1007 1363 facile
1036 1257 1345 1378 perspicient?
1389 1254 1691 1367 characterem
1720 1262 1922 1381 primum
1950 1263 2090 1375 literis

421 1439 466 1513 nt
485 1467 542 1490 ==
558 1422 637 1522 Lb
664 1440 888 1537 constare,
916 1439 968 1521 ut
990 1382 1212 1540 significet
1232 1421 1454 1508 Latinum
1473 1422 1747 1517 vocabulum
1774 1417 1932 1531 Libm
1941 1465 1962 1533 ,·
1990 1430 2091 1537 alta

421 1616 524 1675 rum
546 1586 722 1681 literam
754 1617 849 1676 esse
875 1584 916 1692 d
920 1653 931 1693 ‚
958 1606 1010 1677 ut
1035 1590 1093 1677 sit
1117 1588 1230 1709 sigla
1256 1589 1458 1677 nominis
1479 1587 1705 1678 Denarii.
1941 1550 1945 1555 ¹

535 1750 575 1873 6.
603 1773 700 1873 246
757 1751 814 1855 In
835 1771 1045 1862 notamur
1074 1754 1209 1839 etiam
1232 1752 1587 1861 Tironianarum
1612 1751 1763 1842 studio
1798 1756 2012 1877 contigit,
2039 1779 2094 1867 nt

424 1913 828 2034 compendiaria
793 1943 923 2035 signa
949 1944 975 2019 a
998 1914 1310 2007 Benedictinis
1337 1921 1478 2035 (Nor.
1497 1951 1572 2043 op.
1596 1920 1783 2039 diplom.
1804 1923 1879 2008 lu
1899 1920 1996 2036 574
2014 1928 2094 2039 V.)

424 2079 653 2166 arbitraria
677 2095 962 2211 putarentur,
986 2106 1164 2196 eoque
1159 2077 1377 2190 adductus
1406 2087 1664 2199 Gattererus
1692 2089 1853 2189 (Elem.
1873 2090 1950 2205 76
1959 2093 2093 2232 668)

423 2244 731 2333 characterum
754 2245 1182 2332 Tironianorum
1147 2276 1276 2367 s1gna
1303 2245 1494 2338 lil'tera
1472 2283 1528 2339 ια
1557 2273 1602 2342 et
1632 2245 1912 2342 arbitraria
1939 2253 2095 2346 distin

426 2428 597 2534 gueret
652 2412 754 2529 Ego
779 2439 888 2499 vero
920 2410 1140 2498 arbitrarii
1163 2410 1320 2500 nihil
1305 2446 1355 2500 ιιι
1381 2416 1437 2505 iis
1466 2420 1633 2523 inesse,
1663 2414 1743 2505 sed
1765 2419 1881 2506 reris
1902 2423 2095 2519 omnino

425 2579 565 2684 literis
588 2597 718 2680 notas
751 2596 953 2685 constare
979 2579 1095 2666 mihi
1118 2611 1379 2698 persuasum
1402 2582 1564 2670 habeo.
1623 2577 1801 2701 Quodsi
1829 2579 1887 2687 de
1915 2587 2100 2703 quibus·

427 2743 534 2833 dam
551 2745 664 2832 ratio
682 2742 770 2854 jam
795 2741 927 2852 reddi
943 2748 1123 2866 nequit3
1151 2740 1337 2850 sufficit,
1364 2765 1416 2834 ut
1436 2741 1494 2832 de
1520 2744 1725 2862 plurimis
1749 2743 1872 2832 illam
1893 2743 2097 2837 reddam.

406 2909 625 2996 Etenim.
642 2907 769 3027 quod
796 2907 855 3007 de
882 2908 1049 3023 majore
1077 2942 1229 3031 rerum
1255 2911 1455 3024 ejusdem
1485 2912 1663 3032 generis
1695 2928 1741 2998 et
1760 2929 1945 3033 nannae
1967 2933 2095 3028 parte

429 3069 524 3162 dici
548 3091 716 3190 potest,
744 3070 870 3179 idem
888 3077 940 3163 in
967 3074 1186 3197 reliquam
1208 3070 1455 3168 convenire
1481 3079 1582 3197 quis
1606 3075 1801 3180 dubitet,
1829 3078 2093 3193 praesertim

425 3241 479 3329 in
505 3240 640 3328 rebus
664 3236 896 3373 antiquiss?
945 3238 1106 3362 §olum
1134 3244 1318 3362 excipio
1339 3259 1563 3359 punctum
1583 3243 1635 3327 in
1657 3238 1729 3328 his
1751 3241 1872 3328 notis
1889 3241 2098 3359 frequen·

407 3406 679 3512 tissimum,
719 3427 879 3526 utpote
904 3409 1033 3530 qnod
1057 3410 1110 3496 in
1134 3403 1368 3498 'literarum
1393 3437 1587 3495 numero
1618 3403 1776 3495 haberi
1801 3406 1902 3494 n'on
1926 3424 2099 3524 potest,

411 3602 584 3693 .quum-
606 3576 856 3694 generatim
886 3595 1062 3740 tantum
1088 3566 1288 3681 indicet,
1338 3605 1433 3665 esse
1465 3569 1637 3692 aliquid
1662 3566 1913 3691 omissum·
1971 3567 2097 3655 Nam

430 3736 489 3828 de
519 3739 640 3828 linea
668 3759 815 3852 recta,
858 3773 996 3864 qua
981 3742 1039 3832 a'd
1070 3738 1408 3864 indigitandum
1442 3739 1672 3829 defectum
1705 3736 1840 3824 etiam
1876 3733 1951 3824 nsi
1992 3750 2100 3821 sunt

432 3902 749 4026 tachygraphi,
775 3907 843 4023 nil
872 3910 1030 4000 attinet
1060 3907 1232 4010 dicere,
1270 3901 1643 4024 quandoquidem
1670 3903 1862 3991 nonnisi
1888 3903 1940 3989 in
1970 3898 2102 4018 quin·

430 4092 572 4190 quea
598 4070 724 4158 litera
746 4074 798 4161 Β
811 4073 1169 4193 incipientibus
1162 4073 1289 4161 notis·
1338 4068 1470 4201 3==
1484 4064 1610 4176 aab,
1645 4033 1740 4195 3
1760 4111 1818 4136 ==
1832 4061 1968 4168 Bad,
1994 4026 2090 4188 ‘3

430 4279 490 4307 -
508 4231 625 4351 Bas,
671 4210 758 4365 3
790 4284 847 4311 ε-
864 4243 998 4356 Βαρ,
1029 4217 1212 4368 3³
1237 4238 1444 4363 Bagsio
1389 4233 1879 4357 00)deprehenditur,
1909 4255 2102 4351 quarum

434 4412 779 4528 syllabarum'in
805 4419 976 4511 Latino
1004 4445 1215 4535 *sermone
1247 4415 1396 4527 ntsslus
1425 4432 1636 4506 estuans.
