4722 5868
1162 563 1447 679 „Q;

471 802 653 893 nonum
671 795 724 881 iu
737 789 837 910 ipss
852 781 1119 879 collectione
1139 777 1384 900 attingitur.
1439 772 1644 863 Erroneo
1666 763 1742 856 itu
1762 763 1924 884 opinio
1946 781 2053 856 nuta
2075 785 2141 860 est

477 995 537 1056 ex
553 963 654 1052 loco
681 953 899 1074 anonymi
921 947 1041 1036 illius
1060 942 1290 1061 scriptoris
1308 933 1432 1058 opud
1459 933 1733 1026 Vulcanium
1760 927 1944 1048 (Μὴ),
1973 929 2057 1048 qui
2082 925 2142 1022 de

473 1081 609 1218 rebus
634 1120 789 1212 olienis
807 1141 1013 1216 narrans,
1042 1126 1093 1198 ut
1120 1103 1179 1195 de
1206 1101 1535 1226 aenigmatibus
1566 1095 1837 1214 ceterisque,
1864 1121 1982 1212 quae
2018 1123 2145 1213 prce.

477 1311 548 1381 ter
576 1305 700 1377 notos
723 1285 837 1377 libro
864 1283 1033 1370 inserta
1059 1291 1185 1376 suut,
1213 1271 1279 1360 sic
1300 1269 1475 1390 pergit:
1522 1261 1741 1354 Ceterwn
1769 1265 1884 1378 post
1917 1251 2148 1384 Gregorii

475 1465 693 1571 tempora
707 1449 943 1564 scriptzme
961 1470 1056 1529 esse
1072 1435 1269 1559 arguit,
1298 1435 1419 1560 qra'o
1441 1427 1502 1519 de
1523 1417 1693 1516 diebus
1711 1423 2027 1546 rogationem
2046 1419 2144 1510 dis.

473 1622 618 1724 serit,
665 1643 767 1702 non
796 1610 968 1706 scilicet
999 1605 1143 1722 ipsam
1179 1619 1391 1688 notarum
1432 1593 1749 1688 collectionem
1790 1589 2026 1694 innuens,
2062 1585 2147 1679 sed

471 1783 641 1878 librum
675 1805 816 1872 manu
851 1772 1089 1888 scriptum,
1119 1765 1199 1884 qui
1225 1781 1403 1882 praeter
1431 1757 1744 1850 collectionem
1772 1749 1877 1844 uliae
1910 1753 2046 1842 etiam
2072 1782 2145 1844 res

475 1944 812 2063 complectatur.
882 1929 1025 2057 Quod
1046 1959 1147 2019 non
1174 1927 1479 2050 intelligentes
1513 1923 1611 2028 alii,
1647 1950 1800 2042 neque
1836 1919 2145 2040 exquirentes,

478 2139 541 2202 on
567 2109 642 2216 illo
669 2105 809 2202 dictio
834 2102 885 2190 in
910 2097 1032 2194 uotis
1055 2093 1168 2214 ipsis
1193 2121 1245 2180 re
1263 2120 1370 2179 vera
1399 2092 1671 2210 reperietur,
1700 2085 1752 2174 in
1772 2113 1825 2177 eu
1843 2083 2147 2176 nihilominus

478 2273 748 2398 opinionem
770 2245 896 2368 suem
915 2283 1083 2354 temere
1105 2258 1480 2379 negligenterque
1503 2251 1765 2344 fundarunt.
1788 2331 1792 2338 .

588 2437 629 2558 p.
658 2435 726 2532 58.
781 2431 954 2530 Eadem
966 2431 1060 2520 iere
1080 2425 1193 2517 ratio
1231 2439 1298 2508 est
1315 2419 1528 2508 vocabuli
1541 2407 1917 2533 Extemporalis,
1938 2413 2078 2536 quod,
2095 2438 2148 2508 ut

473 2603 666 2700 minime
693 2595 975 2691 conveniens
1005 2613 1165 2675 aureae
1186 2579 1349 2670 Latini
1376 2579 1595 2668 sermonis
1621 2579 1772 2683 aetati,
1802 2607 1861 2669 ex
1887 2578 2145 2703 fragmento

476 2765 759 2863 collectionis
788 2792 815 2854 a
846 2754 1108 2848 Trithemio
1139 2744 1263 2836 edito
1287 2743 1350 2861 (ᾗ.
1359 2741 1442 2856 67)
1471 2743 1670 2860 Leuuep
1689 2739 1772 2856 (de
1785 2743 1963 2833 'sirone
1982 2743 2063 2858 75)
2091 2747 2146 2839 in

477 2949 652 3055 partem
671 2946 813 3024 vocat
869 2921 968 3045 Qui
994 2921 1033 3010 si
1052 2916 1228 3038 priores
1247 2907 1429 2994 Gruteri
1452 2901 1671 3003 editiones
1695 2906 1985 3025 inspexisset,
2013 2909 2145 3002 facile

482 3091 890 3194 animadvertisset,
927 3081 1043 3174 illud
1071 3083 1127 3169 iu
1161 3079 1219 3166 iis
1251 3070 1438 3162 minimo
1467 3071 1671 3188 reperiri3
1713 3099 1807 3162 esse
1835 3073 1975 3194 igitur
2009 3072 2146 3188 hujus

479 3259 762 3359 collectionis
798 3252 941 3342 libros
980 3275 1041 3340 ut.
1067 3273 1101 3339 s,
1137 3233 1382 3357 inquibus
1416 3231 1551 3339 desit,
1594 3253 1753 3356 utpote
1801 3238 2041 3327 recentiori
2071 3237 2150 3330 de.

476 3460 608 3524 mum
625 3445 835 3539 tempore
853 3411 1112 3506 confictum.
1162 3400 1273 3527 Quo
1292 3401 1424 3492 etiam
1439 3403 1606 3491 factum
1627 3421 1714 3508 est,
1742 3420 1794 3491 ut
1816 3403 2034 3496 Gruterus
2053 3403 2148 3498 hoo

476 3589 758 3684 vocobulum
782 3575 1033 3670 exPistorii
1048 3571 1166 3662 libro
1186 3584 1358 3658 tantum
1374 3566 1619 3687 suppleret,
1641 3583 1685 3654 et
1702 3567 1820 3655 inter
1839 3571 2002 3658 omissa
2018 3567 2148 3690 (198)

477 3761 679 3853 referret
743 3746 1003 3871 Quousque
1038 3753 1187 3824 autem
1211 3761 1237 3822 o
1262 3761 1366 3820 vero
1391 3733 1464 3828 ria
1497 3732 1723 3839 aberrent,
1753 3735 1834 3853 qui
1864 3765 1922 3824 ex
1955 3731 2148 3858 ‘singulis

478 3917 715 4014 vocabulis
737 3913 958 4007 docetote
977 3919 1188 3993 notarum
1198 3896 1567 4004 Tironianarum,
1589 3899 1663 3988 vel
1679 3898 1811 3987 etiam
1830 3929 2003 4006 earum,
2028 3931 2149 4021 quae

479 4105 588 4194 sunt
607 4085 669 4172 in
685 4079 975 4181 collectione,
1004 4065 1254 4195 generatim
1274 4059 1465 4175 judicare
1492 4061 1693 4179 {audent,
1723 4095 1781 4154 ex
1807 4063 2143 4186 antiquioribus

477 4253 616 4370 hujus
635 4246 914 4338 collectionis
932 4242 1058 4334 libris
1079 4229 1406 4348 manuscriptis
1427 4230 1529 4320 satis
1553 4249 1618 4320 est
1642 4233 1943 4351 perspicuum.
2001 4227 2149 4354 Quod

481 4454 574 4544 quo
602 4413 750 4540 magis
778 4428 1014 4532 appareat,
1055 4405 1229 4525 sylvam
1262 4397 1608 4504 vocabulorum,
1646 4398 1843 4519 quaein
1874 4398 2149 4488 Gruteriano

482 4585 675 4713 quidem
696 4579 902 4678 editione
915 4577 1223 4697 reperiuntur,
1250 4569 1302 4662 in
1318 4567 1563 4690 antiquiori
1588 4585 1739 4663 eutem
1753 4565 1869 4662 libro
1884 4563 2142 4662 casetano
