4722 5868
1058 517 1338 619 *⁴25*

476 739 521 864 ᾖ.
551 735 617 830 30.
675 735 799 828 Hinc
829 733 964 826 etiam
997 731 1188 830 divisam
1214 733 1412 854 reperies
1440 730 1607 854 ipsam,
1648 755 1785 854 quarn
1813 735 2029 834 Grutenn

364 905 530 1014 edidit,
559 925 769 996 notarum
802 899 1116 992 collectionem
1144 903 1197 992 in
1220 904 1589 1008 commentarios,
1619 934 1814 1022 quorum
1839 909 2031 1025 quilibet
2068 875 2075 896 ’

361 1072 490 1192 plura
520 1072 724 1161 continet
749 1069 907 1187 capita.
962 1069 1019 1156 In
1040 1069 1180 1187 primi
1204 1070 1516 1160 commentarii
1539 1071 1632 1158 fine
1660 1073 1729 1190 (p.
1740 1072 1819 1186 60)
1844 1075 2029 1198 legitur:

362 1231 590 1355 Explicit
615 1233 984 1328 commentarius
1013 1231 1057 1339 l,
1085 1231 1270 1346 incipit
1295 1237 1663 1322 commentarius
1688 1234 1740 1324 Il
1764 1258 1846 1328 cet.
1915 1241 2026 1362 Quo

356 1407 459 1522 ipso
479 1420 635 1490 auctor
655 1426 909 1513 anonymus
937 1395 1013 1509 (in
1033 1396 1244 1516 Vulcanii
1267 1399 1326 1490 de
1348 1399 1487 1490 Eteris
1505 1399 1652 1488 Getar.
1666 1431 1847 1519 perraro
1871 1406 2026 1497 libello

355 1601 403 1689 p.
422 1569 509 1678 16.)
528 1569 580 1656 in
600 1595 699 1654 eam
716 1559 931 1684 inductus
950 1579 1016 1650 est
1035 1561 1328 1679 opinionem,
1353 1581 1405 1652 ut
1425 1559 1544 1651 hanc
1563 1564 1876 1657 collectionem
1892 1573 2027 1661 inter-

354 1731 657 1853 pretationem
677 1755 770 1816 esse
792 1744 970 1844 putaret
989 1724 1101 1814 alius
1119 1724 1350 1838 cujusdam
1371 1727 1534 1845 operis.
1576 1729 1713 1818 Male.
1749 1707 1883 1820 Nihil
1899 1737 2023 1825 enim

353 1890 479 1988 aliud
504 1895 594 1986 nisi
616 1896 817 2014 ipsarum
832 1911 1044 1980 notarum
1066 1891 1308 2012 explicatio
1324 1895 1377 1980 in
1396 1921 1449 1980 ea
1468 1893 1738 1982 continetur.
1783 1891 2024 1989 Commen.

352 2063 456 2152 tarii
483 2079 645 2150 certea
671 2058 897 2146 veteribus
922 2053 1208 2165 dicebantur,
1236 2060 1288 2147 in
1311 2059 1477 2179 quibus
1500 2059 1646 2176 capita
1665 2075 1841 2148 tantum
1870 2091 2023 2160 rerum

353 2225 412 2317 ad
428 2222 672 2340 juvandam
689 2221 956 2310 memon'am
973 2218 1284 2312 scriberentur.
1322 2221 1448 2312 Hinc
1468 2217 1675 2310 diuturni
1695 2230 2021 2336 commentarii,

352 2391 595 2512 dequibus
617 2383 879 2492 Suetonins;
908 2378 1018 2468 hinc
1042 2383 1353 2468 commentarii
1379 2413 1537 2504 regum
1563 2414 1613 2472 ac
1639 2389 1928 2502 pontificum,
1958 2391 2018 2483 de

351 2558 518 2678 quibus
545 2551 708 2640 Cicero
735 2549 901 2656 (Trotz
930 2544 989 2635 ad
1016 2547 1142 2666 Hug.
1158 2543 1215 2632 de
1236 2545 1383 2661 prima
1405 2576 1486 2635 scr.
1508 2548 1619 2669 orig.
1637 2548 1731 2662 576.
1769 2553 1896 2642 Bach
1915 2555 2015 2648 hist,

349 2726 433 2840 jur.
460 2722 519 2826 L.
533 2721 567 2806 Ι.
603 2717 705 2804 C.1.
736 2710 830 2830 §.li
862 2743 907 2830 p.
927 2713 1108 2826 15.'14);
1146 2708 1258 2798 hinc
1289 2707 1489 2830 denique
1521 2709 1745 2815 Isidorus,
1774 2716 2018 2834 verborum

350 2914 539 2980 suorum
564 2882 663 2999 ipse
693 2881 891 2998 optimus
916 2881 1163 2998 interpres,
1211 2875 1570 2966 comentatus
1597 2877 1809 2972 vocabuli
1832 2883 1926 2970 vim
1955 2887 2019 2974 its

350 3049 563 3171 exponit,
592 3065 643 3135 ut
673 3040 856 3132 nonde
885 3042 1176 3146 inventione,
1207 3038 1288 3130 sed
1317 3037 1375 3127 de
1401 3042 1781 3128 commentatione
1812 3046 1907 3134 sive
1932 3053 2017 3140 col.

348 3217 547 3307 lectione
579 3227 623 3300 et
655 3205 958 3326 explicatione
979 3200 1328 3326 intelligendum
1353 3205 1421 3292 sit
1478 3203 1660 3320 Quibus
1679 3208 1860 3322 positis,
1891 3209 2015 3304 haud

348 3379 602 3507 negaveris,
648 3393 891 3490 utrumque
916 3368 1015 3458 fieri
1039 3367 1262 3485 potuisse,
1304 3385 1349 3455 et
1376 3335 1582 3456 Ennium
1614 3388 1824 3458 notarum
1849 3373 2014 3469 formas

350 3550 628 3671 excogitare,
646 3569 797 3660 neque
817 3557 968 3628 tamen
994 3531 1217 3650 explicare
1237 3550 1314 3624 aut
1335 3529 1494 3647 edere;
1524 3535 1800 3626 etTironem
1816 3539 2015 3656 primurn

349 3747 421 3806 eas
448 3709 754 3802 commentari.

459 3881 500 3996 ᾗ.
538 3879 605 3966 51.
674 3875 752 3964 De
782 3871 880 3988 ipsa
924 3886 1133 3956 notarum
1168 3866 1467 3972 inventione,
1522 3894 1630 3986 quas
1670 3893 1764 3954 esse
1799 3869 2011 3981 Tironis,

347 4042 498 4138 liberti
527 4037 787 4141 Ciceronis,
825 4030 1008 4136 dicunt,
1049 4030 1162 4152 quid
1195 4032 1462 4138 sentiamus,
1498 4031 1586 4144 jam
1615 4027 1742 4124 locus
1773 4054 1839 4126 eat
1865 4039 2013 4156 profe.

347 4203 493 4299 rendi
551 4203 718 4320 Neque
746 4201 870 4290 enim
902 4229 1017 4321 quae
1046 4199 1228 4290 Gruteri
1260 4197 1516 4290 collectioni
1544 4198 1741 4314 praefixa
1766 4219 1834 4290 est
1858 4203 2051 4294 inseri·

346 4376 448 4496 ptio
473 4367 631 4460 Notae
664 4365 853 4456 Tironis
889 4375 939 4454 et
971 4361 1191 4472 Senecae,
1228 4395 1379 4484 neque
1407 4363 1522 4453 liber
1549 4365 1878 4482 manuscriptus
1908 4364 2022 4458 Cas·-

346 4541 558 4645 cellanus,
590 4535 671 4658 qui
695 4531 955 4624 inscribitur
989 4531 1145 4626 Notae
1168 4527 1367 4622 Senecae
1396 4531 1459 4650 (d.
1481 4529 1611 4646 534),
1640 4559 1790 4650 neque
1817 4527 2010 4626 aliorum

1352 4723 1380 4814 4
