4722 5868
467 741 587 834 dum
616 741 744 833 enim
769 739 845 828 ust‘
862 733 1098 853 fuerant,
1127 767 1275 863 neque
1299 733 1548 872 habebant
1575 747 1846 858 exceptores
1868 747 2139 848 actuarios,

469 909 560 1000 sed
579 919 707 997 cunc·
719 911 935 1027 primum
967 903 1247 994 rudimenta
1274 935 1350 994 eos
1378 915 1598 996 cesserunt
1621 911 1849 1026 posuisse,
1907 907 2003 996 Cur
2031 939 2139 998 vero

470 1077 529 1168 de
558 1079 669 1197 ipsis
694 1076 815 1164 notis
834 1071 1098 1162 Tironianis
1118 1069 1231 1160 haec
1259 1075 1463 1194 accipere
1485 1073 1637 1170 liceat,
1666 1074 1779 1162 ratio
1810 1104 1835 1160 a
1859 1074 2141 1192 temporibus

469 1220 709 1352 insecutis,
739 1248 831 1335 sive
868 1272 1042 1332 anexu
1069 1243 1189 1331 inter
1222 1233 1422 1330 notarios
1450 1258 1623 1330 veteres
1649 1240 1749 1329 illos
1781 1259 1826 1328 et
1848 1241 2142 1368 posteriores,

459 1446 588 1536 'quos
610 1433 653 1502 et
671 1410 955 1501 cancellarios
975 1425 1162 1510 vocant,
1191 1404 1439 1524 repetenda
1461 1425 1537 1496 est.
1605 1405 1763 1526 Quum
1787 1407 1912 1493 enirn
1933 1407 2143 1498 cancella-

469 1587 529 1674 rii
550 1585 643 1672 sive
660 1575 871 1668 tabularii
897 1604 1057 1696 regum
1074 1576 1350 1662 Francorum
1370 1576 1422 1662 in
1439 1575 1651 1663 omnibus
1673 1577 1766 1662 fere
1789 1571 1923 1660 rebus
1942 1573 2142 1666 notarios

454 1705 795 1866 ⁴imperatorum
813 1739 1093 1826 Graecorum
1119 1757 1164 1828 et
1187 1740 1503 1828 Romanorum
1519 1739 1713 1856 pressius
1731 1738 1898 1844 secuti,
1930 1758 1995 1844 et,
2031 1733 2141 1828 dum

470 1910 719 2030 diplomata
747 1921 1151 2023 recognoscerent,
1180 1933 1227 1990 se
1254 1905 1377 2022 ipsos
1408 1907 1609 1994 notarios
1639 1905 1831 2023 professi
1857 1907 1969 2010 sint,
1998 1928 2142 2000 notas-

471 2104 564 2196 que
596 2070 871 2202 Tironianas
905 2070 957 2156 in
995 2052 1136 2191 signis
1164 2067 1493 2192 recognitionis
1531 2097 1589 2154 ex
1621 2067 1774 2154 officio
1802 2073 2142 2188 usurpaverint;

472 2234 685 2358 equidem
708 2264 896 2340 censeo,
916 2265 1015 2340 eos,
1038 2265 1143 2324 cum
1158 2237 1261 2353 ipso
1285 2231 1450 2322 notarii
1466 2215 1678 2336 munere,
1701 2230 1792 2320 hoc
1818 2233 2048 2324 scribendi
2069 2268 2142 2358 ge-

469 2430 577 2505 nus,
600 2417 815 2518 tanquam
835 2398 889 2486 ab
910 2397 1000 2487 hoc
1022 2429 1212 2487 munere
1234 2399 1553 2516 inseparabile,
1586 2381 1831 2516 accepisse,
1861 2403 2060 2525 ideoque
2085 2405 2140 2494 ab

353 2591 355 2594 ’
460 2561 629 2657 'eorum
657 2567 779 2652 notis
809 2563 868 2650 ad
898 2553 994 2669 ees,
1026 2593 1216 2682 quarum
1244 2563 1454 2652 meminit
1469 2559 1773 2680 Augustinus,
1801 2583 1845 2650 et
1879 2561 1936 2650 ad
1973 2569 2141 2674 σημεῖα

472 2705 586 2828 τώγ’
608 2723 960 2850 σημειογράφων
1009 2723 1237 2816 Plutarchi
1278 2725 1452 2814 firmam
1495 2746 1751 2847 certamque
1797 2729 1917 2818 effici
1960 2734 2141 2824 conclu-

472 2922 663 2984 s1onem.

586 3061 626 3180 ᾗ.
655 3059 722 3148 26.
779 3056 840 3148 At
861 3056 938 3145 illa
960 3055 1163 3150 disertim
1184 3059 1373 3150 Tironis
1393 3053 1583 3144 nomine
1605 3054 1821 3176 insignita
1840 3079 2051 3153 notarum
2067 3097 2141 3187 ap.

471 3228 677 3351 pellatio,
708 3253 823 3343 quae
851 3226 1029 3312 nemini
1057 3258 1115 3315 ex
1142 3226 1369 3316 veteribus
1389 3220 1685 3339 scriptoribus
1708 3243 1817 3312 nota
1845 3247 1929 3333 est,
1959 3231 2024 3319 sic
2051 3263 2141 3322 me-

472 3391 552 3481 dio
584 3387 768 3476 demum
795 3415 907 3473 aevo
935 3384 1058 3476 haud
1088 3387 1228 3479 dubie
1255 3415 1341 3478 usu
1379 3387 1516 3477 venit.
1584 3389 1759 3478 Primus
1789 3394 2018 3503 omnium,
2057 3401 2140 3519 qui

463 3551 700 3640 Tironem
736 3564 946 3638 notarum
967 3573 1203 3643 'auctorem
1234 3555 1526 3674 profitentur,
1576 3555 1703 3674 quod
1730 3561 1892 3671 sciam,
1945 3565 2032 3658 fuit
2063 3589 2141 3660 aut

469 3715 715 3820 Eusebius,
746 3713 862 3802 circa
883 3744 1054 3806 annum
1076 3739 1180 3836 post
1198 3719 1432 3810 Christum
1445 3710 1602 3810 natum
1622 3721 1905 3846 CCCXXV3
1935 3755 2011 3825 aut
2026 3738 2137 3827 Hie-

464 3914 687 3998 ,ronymus
725 3911 847 3972 anno
883 3883 1228 3979 CCCLXXIII:
1267 3889 1490 3978 incertum
1516 3891 1641 3979 enim
1668 3889 1908 4002 habemus,
1940 3901 2015 3988 cui
2041 3933 2137 3992 ver-

469 4047 552 4153 ba,
589 4077 703 4166 quae
720 4051 977 4172 subjungo,
1011 4050 1284 4161 debeantur,
1321 4074 1473 4146 utrum
1503 4059 1713 4180 scriptori
1740 4059 1970 4171 chronici,
2007 4063 2136 4186 quod

461 4211 660 4338 quidem
688 4214 917 4337 integrum
943 4216 1085 4308 hodie
1110 4251 1209 4310 non
1238 4242 1403 4332 exstat,
1441 4255 1501 4314 an
1545 4227 1767 4316 versionis
1800 4234 1984 4320 auctori
2056 4235 2135 4326 Sic

463 4408 645 4492 sutem,
684 4405 967 4507 utercunque
995 4388 1093 4494 sit,
1142 4387 1320 4482 scribit:
1366 4390 1446 4482 M.
1474 4388 1659 4488 Tullius
1704 4395 1837 4506 Tiro,
1893 4396 2138 4488 Ciceronis

467 4523 686 4666 libertos,
717 4557 806 4680 qni
826 4557 1014 4675 primus
1036 4563 1182 4654 notor
1206 4569 1494 4658 commentos
1520 4573 1610 4677 est,
1641 4583 1724 4660 cet.
1783 4565 1994 4662 Attamen
2020 4565 2137 4658 haec
