4778 5902
933 591 1257 715 ...3174-

237 749 353 984 'Q'
399 752 1902 961 ΛΙΖςὛΛᾞΞΝῊ

253 993 434 1162 „J
393 1003 487 1081 l*
532 1032 614 1105 cet.
642 1009 939 1129 formulisque
965 1003 1198 1128 precandi.

210 1174 213 1187 ’
257 1237 260 1246 ·
372 1189 411 1306 ᾗ.
386 1086 537 1272 2356.
596 1177 721 1264 Alter
738 1174 862 1278 liber,
883 1172 1115 1260 octonaria
1134 1174 1289 1276 forma,
1311 1171 1422 1262 olim
1437 1202 1629 1261 numero
1651 1176 1776 1288 4626,
1798 1203 1925 1270 nunc

256 1359 371 1470 1327
390 1365 590 1448 notatus,
622 1373 679 1430 ex
698 1335 975 1436 bibliotheca
992 1337 1181 1426 Puteani
1200 1339 1252 1424 in
1270 1338 1550 1468 imperialem
1568 1342 1753 1429 transiit
1811 1346 1927 1430 Inci-

259 1523 332 1641 pit
354 1547 379 1602 a
400 1510 575 1600 Psalmo
593 1505 675 1618 60;
702 1505 755 1591 in
783 1500 984 1614 ejusdem
1004 1533 1113 1626 vero
1139 1503 1346 1632 plagulae
1366 1503 1534 1626 pagina
1551 1533 1701 1593 aversa
1726 1507 1928 1626 seqnitur

262 1677 465 1804 precatio
492 1669 724 1760 dominica
756 1665 902 1754 Pater
930 1677 1091 1754 noster
1207 1699 1350 1789 usque
1385 1667 1443 1756 ad
1472 1665 1561 1755 sed
1584 1661 1739 1758 libero
1776 1699 1861 1759 nos
1893 1701 1928 1760 a

261 1839 403 1936 malo.
460 1839 594 1927 Hanc
616 1835 787 1953 excipit
808 1836 1064 1964 symbolum
1084 1835 1403 1964 apostolorum.
1460 1831 1670 1942 Deinde,
1687 1837 1929 1952 interiectis

264 2011 400 2099 etiam
439 2001 559 2107 aliis,
600 2001 765 2088 iterum
793 2021 1058 2117 comparent
1082 2001 1270 2119 psalmi,
1322 1999 1488 2120 qulbus
1522 2001 1710 2122 aliisque
1745 1983 1930 2120 hymnis

256 2177 372 2266 liber
388 2147 663 2260 terminatur.
722 2164 958 2252 Affirmant
980 2161 1167 2284 quidem
1194 2184 1396 2253 auctores
1417 2161 1585 2252 indicis
1609 2166 1928 2260 Parisiensium

260 2341 484 2430 librorum
513 2329 924 2448 manuscriptorum
958 2331 1024 2436 (P.
1045 2331 1123 2417 111.
1153 2329 1210 2414 T.
1221 2327 1298 2414 III.
1328 2359 1373 2446 p.
1393 2329 1485 2416 103.
1509 2327 1569 2416 N.
1591 2330 1719 2439 1327)
1749 2333 1928 2422 saeculo

223 2523 231 2530 “
263 2503 376 2592 XVI
397 2499 522 2586 hunc
535 2495 703 2618 librum
720 2487 938 2612 scriptum
958 2523 1065 2584 esse.
1096 2490 1185 2582 Sed
1205 2485 1431 2587 falluntur.
1460 2493 1658 2614 Antiqua
1676 2498 1801 2584 enim
1819 2528 1844 2584 a
1863 2529 1930 2587 re.

262 2662 541 2757 centioribus
567 2657 821 2754 discernere
849 2659 1159 2782 neglexerunt.
1217 2659 1308 2748 Illis
1328 2655 1452 2749 haud
1478 2680 1647 2750 temere
1664 2659 1928 2772 adnmnero,

261 2861 379 2952 quae
399 2859 543 2948 usque
567 2822 877 2945 ad'plagulam
901 2826 958 2914 66
982 2842 1086 2916 sunt
1107 2824 1292 2942 scripta,
1321 2823 1373 2911 in
1396 2825 1561 2945 quibus
1581 2819 1781 2960 unciales
1810 2829 1873 2936 (e.
1889 2858 1930 2922 c:

261 2999 316 3085 in
341 2991 520 3112 plagula
548 2986 627 3097 50)
657 3017 709 3074 oa
732 3007 837 3076 sunt
866 2989 1031 3094 forma,
1056 3007 1187 3078 utne
1207 3017 1336 3075 nono
1364 3007 1408 3076 et
1430 2986 1609 3077 decimo
1633 2989 1819 3110 quidem
1840 3023 1929 3084 sae

264 3161 369 3251 culo
394 3151 626 3276 pulchrior
651 3179 745 3238 esse
754 3151 919 3266 possit
979 3145 1110 3272 Quae
1125 3187 1234 3243 vero
1263 3153 1374 3243 inde
1404 3185 1430 3242 a
1456 3155 1635 3280 plagula
1651 3157 1708 3245 66
1735 3183 1932 3282 sequun

260 3347 356 3429 tur,
388 3349 439 3408 ea
465 3317 607 3405 multo
636 3332 741 3432 post
765 3310 916 3401 addita
945 3345 1038 3405 esse
1066 3319 1196 3411 facile
1231 3342 1428 3442 apparet.

383 3487 422 3606 ᾗ.
454 3482 549 3595 557.
606 3483 702 3574 Jam
733 3511 841 3571 vero
869 3482 989 3572 illius
1015 3487 1149 3575 etiam
1177 3486 1281 3574 libri
1310 3445 1595 3574 mentionem
1620 3485 1832 3580 faciamus
1853 3521 1929 3581 ne·

267 3683 389 3745 cesse
414 3671 495 3756 est,
526 3681 583 3741 ex
607 3680 699 3770 quo
724 3649 990 3769 Carpentier
1013 3615 1460 3788 alphabetumsuum
1484 3653 1791 3786 Tironianum
1815 3686 1930 3744 sum·

269 3823 340 3910 sit.
413 3819 455 3905 Is
487 3815 675 3936 quidem
703 3815 758 3904 ab
794 3817 1049 3906 auctoribus
1083 3816 1246 3908 indicis
1273 3819 1494 3908 librorum
1522 3803 1930 3936 manuscriptorum

266 3979 587 4071 Parisiensium
614 3983 661 4068 P.
673 3981 750 4074 III.
772 3981 830 4070 T.
841 3983 915 4069 111.
940 4011 986 4100 p.
1009 3981 1104 4102 319.
1121 3985 1225 4096 520)
1256 3978 1433 4075 saeeulo
1462 3983 1641 4075 decimo
1668 3983 1930 4118 assignatum

269 4151 372 4269 Ego
388 4174 517 4250 veru,
536 4176 679 4263 quum
694 4179 794 4237 non
811 4151 984 4256 omnia,
1003 4181 1117 4282 quae
1139 4182 1194 4241 eo
1216 4153 1528 4256 continentur,
1548 4145 1711 4238 eodem
1727 4159 1933 4267 tempore

271 4315 436 4432 scripta
460 4312 570 4418 sint,
608 4331 726 4402 certe
753 4319 995 4408 maximam
1020 4319 1112 4430 ejus
1141 4339 1313 4438 partem
1338 4317 1516 4407 saeculo
1545 4346 1674 4404 nono
1712 4332 1934 4406 exaratam

270 4481 429 4583 fuisse,
458 4478 676 4569 affirmare
703 4484 858 4574 ausim.
937 4487 1216 4576 Tironiauae
1244 4485 1481 4604 scriptioni
1505 4481 1692 4604 proprie
1722 4499 1937 4571 nouerat

273 4642 540 4758 destinatus;
586 4645 714 4769 quod
741 4649 871 4744 facile
897 4653 1173 4778 intelligant,
1217 4650 1298 4780 qui
1323 4637 1739 4759 animaduerterint,
1783 4651 1938 4748 vacuis
