4744 5960
898 649 957 682 -a
1009 611 1095 736 469
1147 656 1206 680 .-

207 819 600 952 compendiorum
628 820 745 939 ipsas
768 821 1028 940 explicent,
1075 827 1198 916 illam
1230 821 1418 952 figuram
1454 827 1691 920 continere
1721 829 1878 921 dicunt

217 991 396 1099 ΚΑΙ,
378 1022 431 1082 ιιι
451 1019 540 1109 qua
561 1003 712 1108 neque
728 987 770 1077 A
788 1015 939 1110 neque
958 993 982 1078 I
1001 1019 1107 1080 vere
1123 991 1253 1082 inest
1299 992 1484 1080 Etenim
1502 969 1733 1086 notissima
1747 995 1879 1108 huius

217 1155 463 1277 particulae
481 1155 810 1276 significatione
830 1154 1030 1262 inducti,
1060 1157 1264 1274 analysin
1287 1157 1550 1275 compendii
1568 1161 1879 1288 neglexerunt.

223 1281 269 1464 j
303 1321 464 1441 igitur,
503 1321 680 1438 quoties
706 1319 759 1406 in
784 1320 905 1408 notis
937 1339 1185 1438 comparet,
1227 1349 1409 1440 semper
1432 1320 1688 1444 legendum
1703 1345 1769 1412 est
1797 1326 1879 1441 ιιὲ,

217 1489 281 1574 ita
298 1505 449 1574 tamen
468 1504 526 1573 ut
546 1484 668 1574 illam
690 1484 912 1606 significet
929 1485 1201 1612 particulam.
1254 1485 1303 1580 si
1324 1488 1446 1574 enim
1435 1481 1548 1576 καὶ
1573 1486 1715 1586 tribus
1743 1484 1880 1580 lite'ris

217 1667 378 1737 notare
397 1651 645 1739 voluissent
663 1647 980 1770 techygraphi,
1008 1665 1163 1736 notam
1188 1669 1314 1782 ext.
1358 1669 1402 1738 et
1428 1645 1487 1734 V
1509 1679 1784 1769 componere
1810 1649 1890 1742 de·

216 1804 398 1906 bebant.
463 1815 613 1936 Atque
641 1814 703 1907 ita
731 1813 865 1904 etiam
889 1777 1129 1908 formatum
1157 1811 1415 1902 invenimus
1444 1813 1533 1928 ex>
1561 1787 1759 1922 (Montf.
1786 1795 1882 1932 345.

221 1977 305 2068 col.
328 1983 403 2086 2),
444 1977 569 2089 cujus
597 2007 698 2096 pars
725 1979 872 2098 prima
894 1977 1084 2074 inferior
1112 2007 1162 2082 κ,
1193 1979 1394 2074 etaltera
1419 2009 1467 2070 oct
1494 2010 1577 2099 per
1601 1982 1880 2098 superiorem

221 2143 378 2230 calami
399 2138 585 2231 ductum
606 2142 872 2254 conjunctae
888 2159 1004 2232 sunt.
1048 2141 1222 2234 Eadem
1239 2177 1296 2235 ex
1315 2147 1460 2234 forma
1480 2165 1629 2235 ortum
1651 2167 1734 2253 est,
1756 2145 1882 2268 quod

219 2307 272 2392 in
291 2303 682 2436 typographorum
702 2305 897 2396 officinis
918 2307 1028 2412 olim
1047 2308 1132 2408 fuit
1159 2305 1208 2420 ι;
1237 2309 1290 2402 ιιι
1314 2306 1437 2418 cujus
1461 2305 1613 2402 locum
1637 2306 1763 2436 quod
1786 2337 1881 2402 suo·

222 2471 352 2559 cessit
379 2476 405 2572 κ)
432 2471 617 2590 proprie
646 2500 744 2557 non
772 2471 863 2564 nisi
888 2471 946 2564 κὲ
974 2489 1050 2570 est,

330 2638 372 2756 d.
401 2663 498 2758 490·
555 2637 641 2726 His
665 2635 919 2755 praemissis
946 2639 1066 2726 viam
1098 2637 1232 2726 nobis
1260 2638 1535 2756 aperuimus,
1564 2631 1621 2724 ad
1646 2637 1880 2756 antiquita·

218 2795 311 2894 tem
336 2800 469 2916 hujus
493 2804 751 2922 scriptionis
778 2803 997 2898 curiosius
1017 2796 1388 2920 investigandam.
1439 2801 1557 2888 'Eam
1575 2817 1726 2887 autem
1747 2829 1773 2894 a
1792 2799 1880 2918 pri-

220 2941 306 3056 mis
329 2985 433 3086 post
450 2965 682 3059 Christum
710 2985 866 3058 natum
887 2965 1074 3056 saeculis
1102 2960 1395 3080 repetendam
1425 2989 1519 3050 esse
1544 2961 1678 3051 nobis
1705 2992 1882 3082 persua-

218 3128 378 3220 demus
397 3161 454 3220 ex
473 3127 634 3220 iisdem
656 3131 751 3222 fere
773 3127 1071 3252 argumentis,
1092 3155 1207 3247 quae
1229 3123 1424 3214 deuotis
1445 3121 1709 3210 Tironianis
1727 3121 1882 3212 adtuli-

216 3323 317 3385 mus
333 3295 395 3412 (ᾗ.
408 3293 496 3408 48).
525 3297 675 3384 Notae
697 3295 821 3382 enim
842 3291 1040 3381 Graecae
1058 3321 1116 3380 cx
1137 3283 1542 3400 majuscuiis'etiam
1562 3297 1769 3378 constant
1787 3280 1880 3370 lite-

218 3458 299 3562 ris,
329 3457 402 3554 vel
426 3458 581 3576 paucis
599 3455 745 3554 saltim
760 3455 945 3552 cursivis
967 3451 1268 3574 (§.483.484),
1294 3481 1413 3574 ¹quae
1436 3469 1588 3556 tamen
1613 3477 1641 3535 a
1663 3447 1881 3534 recentio-

220 3622 344 3710 ribus
370 3621 617 3739 plurimum
633 3617 863 3710 differunt.
918 3617 1085 3737 Neque
1107 3617 1464 3737 conjunguntur,
1492 3631 1543 3701 ut
1563 3610 1671 3715 hae,
1701 3605 1800 3712 sed,
1829 3608 1881 3695 'ut

213 3791 272 3880 ,ιιι
312 3786 563 3897 majusculis
602 3811 688 3892 usu
725 3783 874 3886 venit,
914 3793 1012 3872 tum
1043 3799 1431 3904 coagmentantur,
1469 3796 1566 3866 tum
1589 3773 1881 3884 trajiciuntur,

221 3970 319 4042 tum
341 3950 466 4040 alteri
490 3949 627 4052 altera
653 3947 893 4038 columnae
908 3945 1047 4036 instar
1070 3944 1470 4066 superimponitur.
1505 3937 1570 4026 Ita
1591 3936 1716 4024 enim
1735 3933 1883 4022 literas

221 4118 483 4230 majusculas
514 4117 570 4206 ab
593 4113 911 4234 antiquissimis
946 4107 1056 4200 inde
1077 4105 1355 4226 temporibus
1382 4121 1472 4190 tam
1496 4091 1619 4216 apud
1634 4095 1881 4200 Romanos.

221 4307 359 4398 quam
384 4273 507 4396 apud
525 4277 741 4381 Graecos,
769 4275 939 4387 junctas
966 4273 1127 4383 misse,
1155 4299 1289 4390 snpra
1313 4257 1741 4386 (§.157.165.203)
1770 4257 1883 4348 dixi·

222 4475 335 4540 mus.
412 4439 811 4566 Quemadmodum
842 4441 981 4561 igitur
1004 4437 1055 4526 in
1079 4435 1143 4524 eis
1171 4445 1263 4524 u'na
1286 4427 1534 4549 eademque
1557 4422 1679 4512 linea
1706 4415 1880 4512 duabus

225 4607 357 4710 simul
368 4607 505 4714 literis
523 4607 760 4714 serviebat,
778 4603 841 4710 ita
857 4605 989 4710 etiam
1007 4603 1059 4696 in
1081 4599 1201 4692 notis
1236 4602 1272 4700 d·
1300 4600 1429 4706 ·l·÷‚
1456 4594 1538 4698 ie,
1564 4585 1645 4693 TI.
1661 4584 1761 4692 TE,
1776 4579 1879 4696 ΤΑ,
