4896 5890
971 614 1030 638 -
1089 570 1169 692 195
1223 521 1293 636 -e

296 795 446 892 „term
475 773 670 874 maxime
685 783 930 885 insertato,
961 783 1042 902 qui
1061 779 1246 872 aderant
1260 779 1525 887 scribendo,
1551 797 1603 872 ut
1624 779 1827 876 celeriter
1844 813 1965 878 com-

293 949 685 1071 ‚,prehenderent,
717 945 938 1068 quaedam
962 946 1099 1036 verba
1125 965 1258 1066 atque
1285 946 1477 1036 nomina
1509 977 1568 1038 ex
1592 955 1827 1043 communi
1858 981 1962 1043 con.
2098 999 2102 1009 ,

146 1179 153 1204 .
293 1135 461 1216 „sensu
481 1113 667 1238 primis
682 1105 839 1199 literis
861 1111 1090 1198 notabant.
1099 1111 1124 1146 ”

408 1276 447 1394 q.
474 1277 571 1365 230.
629 1273 772 1394 Quod
803 1275 1052 1396 generatim
1082 1272 1139 1362 de
1174 1271 1515 1396 compendiario
1541 1272 1770 1366 scribendi
1793 1310 1962 1401 genere
2022 1353 2030 1369 .

294 1438 436 1531 modo
466 1442 823 1544 observavimus,
859 1439 910 1527 id
933 1442 1067 1527 etiam
1102 1438 1159 1528 de
1185 1439 1307 1560 siglis
1336 1439 1582 1529 dicendum
1614 1459 1690 1530 est.
1744 1443 1798 1530 st
1837 1449 1961 1534 enim

290 1607 558 1722 spectaveris
586 1605 766 1708 locum,
793 1635 885 1723 quo
913 1603 1203 1708 adhibentur,
1234 1635 1331 1692 non
1354 1607 1416 1693 ita
1448 1604 1612 1724 magna
1634 1603 1863 1712 videbitur
1889 1639 1962 1700 eas

290 1765 607 1858 adhibentium
627 1767 824 1856 audacia.
880 1771 935 1856 In
964 1767 1252 1887 epistolarum
1271 1797 1307 1855 e.
1322 1796 1358 1855 c.
1381 1765 1571 1856 exordio
1596 1764 1742 1858 literas
1772 1773 1815 1858 S.
1835 1772 1889 1858 V.
1907 1773 1961 1862 B.

290 1935 345 2022 Ε.
371 1963 432 2002 2⁶·
455 1932 509 2020 Si
541 1931 683 2024 vales
712 1936 836 2026 Bene
865 1937 954 2025 Est
991 1959 1128 2026 nemo
1165 1940 1269 2042 crit,
1308 1937 1421 2055 quin
1446 1935 1576 2024 facile
1598 1935 1846 2058 intelligat:
1896 1959 1962 2030 est

293 2102 418 2188 enim
446 2097 638 2188 formula
662 2099 884 2190 salutandi
913 2105 1207 2192 usitatissima.
1265 2103 1432 2217 Neque
1457 2095 1693 2188 haesitabit
1723 2097 1961 2223 quisquam

290 2261 343 2351 in
369 2262 716 2382 interpretandis
745 2231 869 2384 siglis
905 2265 967 2350 D.
990 2268 1056 2384 M.
1088 2306 1146 2336 -α
1175 2263 1291 2350 Diis
1319 2255 1574 2368 Manibus,
1622 2291 1738 2380 quae
1772 2273 1959 2358 suntin

291 2429 544 2550 principio,
583 2453 634 2517 ac
669 2431 716 2517 F.
746 2427 798 2517 C.
826 2439 890 2498 τέ
912 2423 1210 2515 Faciundum
1241 2425 1465 2529 Curatur,
1506 2451 1623 2544 quae
1652 2444 1757 2512 sunt
1786 2423 1956 2520 influe

289 2597 620 2713 inscriptionis,
652 2625 787 2714 quam
814 2611 950 2712 supra
978 2593 1042 2711 (b.
1065 2589 1163 2702 105)
1189 2591 1493 2710 exposuimus.
1574 2592 1639 2679 Ita
1665 2593 1798 2679 etiarn
1828 2597 1957 2715 siglas

292 2759 353 2878 Q.
382 2760 445 2879 Q
471 2763 534 2850 V..
556 2762 604 2846 Ρ.
630 2759 689 2850 L.
722 2757 912 2877 quilibet
937 2787 1088 2844 rerum
1117 2755 1401 2872 autiquartun
1431 2751 1631 2870 peritus,
1668 2773 1729 2858 ,ut
1759 2760 1959 2872 primum

292 2923 579 3044 cognoverit,
609 2923 661 3010 in
679 2925 874 3010 termino
892 2921 1135 3037 insculptas
1158 2949 1251 3008 esse
1276 2916 1356 3006 has
1376 2918 1545 3023 literas,
1571 2919 1693 3008 illico
1716 2922 1960 3038 explicabit
2058 2935 2062 2946 '

299 3073 494 3220 Quoquo
527 3088 703 3182 Versus
728 3087 871 3177 Pedes
900 3087 972 3190 L,·
1013 3086 1207 3204 aliasque
1241 3085 1306 3170 H.
1320 3085 1389 3172 M.
1411 3083 1471 3168 Η.
1495 3083 1556 3170 N.
1583 3083 1625 3172 S.
1655 3085 1694 3172 si
1724 3087 1774 3172 in
1799 3111 1959 3179 monu-

291 3275 447 3346 mento
472 3251 741 3372 sepulchrali
763 3281 857 3342 esse
879 3269 1162 3369 compertum
1179 3245 1407 3350 habuerit,
1433 3243 1552 3363 leget
1567 3245 1669 3333 Hoc
1687 3249 1956 3338 Monumen.

288 3434 398 3510 tum
431 3417 639 3510 Heredes
671 3419 784 3508 Non
822 3419 1060 3543 Sequitur.
1143 3415 1210 3500 Ita
1245 3411 1453 3530 quirem
1483 3411 1734 3500 numeriam
1771 3411 1955 3520 callent,

292 3589 419 3676 nullo
456 3587 644 3707 negotio
680 3584 812 3672 numi
838 3583 1212 3701 inscriptionem,
1250 3604 1364 3696 quae
1406 3573 1532 3666 hisce
1574 3595 1749 3666 tantum
1786 3602 1959 3670 constat

293 3753 438 3873 siglis:
473 3755 516 3842 S.
534 3753 582 3844 Ρ.
604 3752 662 3871 Q.
680 3755 737 3840 tt.
755 3751 807 3838 A.
827 3752 886 3838 Ν.
905 3752 952 3836 F.
970 3749 1016 3834 F.
1040 3745 1097 3836 Ο.
1117 3745 1165 3830 Ρ.
1185 3743 1233 3829 Ρ.
1264 3759 1497 3860 exponent
1519 3739 1720 3830 Senatus
1736 3736 1958 3856 Populus.

293 3918 398 4040 Quo
422 3920 665 4006 Romanus
685 3915 874 4006 Annum
904 3896 1084 4008 Novum
1110 3910 1337 4010 Furnium
1364 3899 1560 3994 Felicem
1594 3901 1796 4018 Optimo
1825 3905 1960 3991 Prin·

291 4084 394 4198 cipi
422 4083 506 4168 Pio
543 4083 722 4187 (Jobert
755 4085 785 4168 l.
811 4082 904 4170 130.
935 4079 1025 4196 137.
1053 4071 1231 4164 Rasche
1257 4073 1312 4160 ΙΙ.
1334 4099 1382 4159 11.
1411 4075 1535 4184 771).
1615 4064 1819 4155 Subinde
1854 4071 1957 4188 ipse

228 4304 231 4313 ·
294 4251 428 4342 ctiam
444 4248 660 4340 orationis
678 4277 829 4340 cursus
853 4244 1030 4360 adjuvat
1045 4238 1487 4359 interpretationem,
1515 4251 1567 4328 ut
1593 4233 1654 4356 iu,
1675 4230 1767 4326 hoc
1784 4230 1957 4370 ,lapidis

290 4414 445 4506 titulos
1468 4423 1472 4430 ’
