4722 5868
1149 565 1438 672 ...m-i

449 821 551 880 mae
575 811 620 877 et
640 785 867 884 secundae
886 788 1036 907 stirpis
1052 791 1155 879 illae
1180 793 1438 911 saepissime
1466 811 1747 908 comparent:
1777 824 1891 914 quae
1911 797 1965 886 ab
1986 799 2125 923 impe,

449 956 547 1044 ritis
568 955 756 1075 quidem
773 986 872 1044 non
892 956 1227 1080 intelligunttu,
1244 955 1496 1046 intellectae
1519 985 1629 1044 vero
1655 954 1962 1052 discernendis
1983 963 2126 1084 diplo.

452 1122 646 1218 metibus
668 1123 922 1260 genuinisa
942 1122 1105 1242 spuriis
1126 1151 1227 1216 nou
1251 1152 1412 1241 parum
1428 1123 1618 1234 &ferent
1642 1124 1799 1220 auxilii
1822 1126 1878 1252 (ᾗ.
1892 1125 1987 1222 362.
2001 1133 2137 1257 seq),

810 1673 813 1684 ³
939 1537 1179 1630 carus
1214 1535 1641 1685 succunun.

751 1773 836 1906 De
863 1767 1323 1898 sinsnolaru'm
1358 1769 1836 1876 Tironianarum.

520 2179 524 2186 .
561 2104 602 2222 p.
639 2105 701 2194 15.
758 2103 856 2226 Qui
886 2105 953 2192 roi
979 2105 1164 2216 alicujus
1193 2105 1333 2194 finem
1359 2102 1559 2226 ignorat,
1589 2101 1833 2220 perfectam
1866 2102 1956 2214 ejus
1983 2111 2122 2198 scien.

448 2271 556 2360 tiam
580 2304 830 2393 numquam
856 2275 1042 2363 tenebit.
1101 2271 1370 2362 Cavendum
1386 2271 1547 2393 igitur,
1569 2301 1631 2358 ne
1658 2297 1816 2358 eorum
1845 2266 2124 2390 decipiamur

446 2439 690 2558 opinione,
722 2441 802 2559 qui
825 2459 954 2528 notas
975 2441 1250 2536 Tironianas
1268 2467 1413 2559 genus
1439 2467 1532 2524 esso
1557 2433 1931 2554 cryptographiae
1954 2436 2122 2532 docent

442 2607 660 2724 (Lessing
682 2607 796 2694 anal.
815 2634 874 2690 en
894 2602 1005 2694 bibl,
1026 2601 1342 2717 Guolpherbit.
1359 2603 1415 2688 ΙΙ.
1442 2600 1537 2712 345.
1559 2601 1685 2710 not).
1739 2603 2020 2694 Paucissimis
2055 2641 2121 2698 ca-

442 2768 554 2862 lami
577 2766 789 2856 ductibus
813 2784 865 2853 ut
887 2765 1073 2882 scriptio
1094 2765 1400 2856 absolveretur
1420 2769 1518 2856 sine
1544 2767 1632 2856 ulla
1651 2765 1931 2858 dubitatione
1949 2773 2122 2885 primus

445 2931 612 3056 harum
630 2951 841 3020 notarum
865 2929 969 3017 finis
996 2927 1099 3020 fuit
1154 2927 1296 3048 Quod
1322 2951 1471 3022 autem
1496 2965 1648 3026 earum
1669 2935 1802 3022 notio
1824 2931 2029 3047 plurimis
2065 2945 2122 3032 la.

444 3099 548 3206 tuit,
578 3098 711 3214 hujus
728 3098 917 3222 quidem
937 3125 1071 3184 causa
1092 3093 1283 3182 minime
1305 3096 1392 3189 fuit
1411 3094 1683 3227 (objectiva)
1712 3095 2032 3217 praemeditata
2054 3141 2120 3200 ea.

440 3298 545 3360 rum
572 3269 837 3371 occultatio,
877 3261 956 3354 sed
985 3250 1298 3382 (subjectiva)
1332 3268 1508 3357 inscitia
1538 3288 1582 3357 et
1611 3256 1846 3385 imperitia
1870 3296 1940 3354 eas
1965 3249 2114 3394 legere

441 3439 722 3532 conantium,
778 3431 897 3528 iliud
920 3428 1107 3554 quidem
1123 3431 1316 3547 probatu
1331 3429 1616 3540 facillimum,
1646 3464 1791 3552 quum
1813 3463 1868 3522 ex
1894 3439 2115 3554 partibus,

440 3603 610 3724 quibus
629 3620 766 3690 notae
786 3616 1013 3702 constant,
1029 3603 1139 3687 'tum
1164 3629 1221 3688 ex
1245 3630 1399 3692 aarum
1423 3632 1522 3694 usu,
1581 3599 1810 3717 Analysis,
1842 3634 1977 3721 quarn
2006 3641 2115 3702 mox

439 3772 751 3876 instituemus,
783 3767 990 3872 docebit,
1020 3797 1091 3856 eas
1109 3741 1497 3888 comprehendere
1517 3767 1665 3856 literas
1696 3797 1795 3852 non
1819 3786 1909 3856 tam
1937 3773 2116 3865 inusita.

439 3955 525 4042 tas,
555 3969 693 4056 quam
714 3937 978 4026 festinanter
997 3936 1161 4055 pictas,
1182 3935 1385 4054 ideoque
1406 3927 1652 4051 aliquando
1676 3927 1922 4020 decurtatas
1949 3956 1992 4024 et
2013 3970 2115 4031 con.

443 4122 612 4197 tractas.
682 4098 791 4223 Quo
819 4102 937 4194 facto
971 4106 1202 4195 nemiuem
1233 4129 1439 4220 unquam
1472 4098 1576 4184 iore·
1595 4091 1819 4184 credimus
1843 4117 1931 4188 tam
1954 4135 2113 4224 parum

443 4271 619 4364 subacti
651 4266 833 4382 judicii,
871 4271 950 4388 qui
984 4267 1074 4360 boc
1094 4300 1254 4393 xgenus
1287 4263 1569 4385 scriptionis,
1611 4290 1669 4348 ex
1694 4260 1831 4356 literis
1868 4273 2113 4390 antiquitus

441 4441 621 4530 nemini
648 4469 749 4526 uon
768 4438 912 4542 notis,
942 4458 1169 4544 constans,
1201 4435 1259 4532 ad
1281 4429 1525 4525 celandum
1550 4427 1623 4538 id,
1649 4430 1779 4554 ¹quod
1804 4434 1980 4552 scriptis
2009 4468 2112 4529 con.

439 4607 632 4712 sinetur,
663 4604 917 4698 adhibitum
943 4590 1102 4713 fuisse,
1134 4605 1223 4696 sibi
1245 4593 1536 4723 persuadeat,
1565 4597 1798 4726 inprimis,
1829 4631 1970 4718 quum
1994 4634 2110 4696 com.
2218 4667 2222 4672 .
