4778 5902
925 531 1240 626 -513-

242 741 371 847 tione
399 739 571 862 profert
597 760 753 830 notam
773 737 1017 836 Harundo
1036 747 1095 863 (q.
1112 747 1228 868 379).
1280 743 1522 844 Minister
1552 783 1612 848 an
1641 745 1915 892 amnibus

242 909 326 1010 sit,
362 907 439 994 ille
465 904 640 995 dubitat
664 911 750 1015 (X.
773 909 835 1000 lit.
860 911 969 1022 M);
1010 907 1122 998 haec
1159 916 1370 1004 ominus
1399 915 1565 1012 ducere
1596 958 1695 1016 non
1727 931 1916 1028 haesitat

239 1071 306 1188 (q.
321 1071 437 1180 560).
496 1071 745 1160 Diversum
769 1075 908 1194 igitur
927 1075 982 1162 ab
1008 1070 1185 1191 Isidoro
1205 1076 1342 1166 fuisse
1361 1085 1651 1196 praefationis
1673 1119 1913 1214 auctorem,

242 1235 368 1330 haud
394 1239 494 1328 sine
526 1267 655 1328 causa
686 1239 893 1358 conjicio.
963 1240 1038 1332 Ex
1064 1266 1120 1326 eo
1146 1241 1303 1346 etiam,
1330 1242 1457 1363 quod
1474 1247 1788 1353 'l'ornacenses
1810 1265 1914 1356 allo.

240 1403 418 1522 quitur,
459 1403 654 1520 aliquam
679 1403 723 1490 ei
750 1401 1132 1494 necessitudinem
1160 1435 1265 1498 cum
1294 1408 1381 1500 illis
1411 1413 1549 1504 fuisse
1577 1438 1720 1536 patet:
1759 1456 1911 1552 neque

234 1585 394 1676 tamen
415 1566 619 1654 Tornaci
649 1595 755 1656 eum
787 1563 1030 1676 habitasse,
1070 1599 1222 1696 neque
1250 1607 1330 1666 sua
1359 1579 1428 1668 ibl
1451 1584 1701 1703 scripsisse,
1727 1594 1838 1688 inde
1862 1603 1912 1696 li.

236 1748 371 1850 quet,
402 1725 552 1847 qnod,
582 1725 640 1818 de
655 1759 722 1854 ea
741 1729 855 1822 urbe
882 1732 1095 1854 loquens,
1123 1769 1222 1832 non
1240 1737 1321 1830 bic
1344 1743 1472 1851 dicit,
1501 1749 1581 1840 sed
1602 1757 1752 1848 verbis
1772 1765 1913 1888 utitur

234 1899 293 1987 in
318 1898 425 2015 ipso
452 1890 565 1984 loco.
640 1979 643 1992 ,
1914 1917 1917 1924 ’

235 2143 240 2156 ,
352 2061 392 2178 ᾗ.
424 2059 520 2173 348.
580 2059 711 2176 Quae
738 2092 881 2180 quum
908 2059 970 2154 ita
996 2064 1104 2176 sint,
1133 2071 1185 2162 in
1217 2066 1355 2168 alium
1377 2081 1610 2172 neminem
1638 2069 1788 2214 magis
1804 2127 1910 2190 con-

234 2220 397 2306 venir'e
425 2211 658 2325 videntur,
687 2249 823 2340 quarn
849 2227 900 2312 in
930 2229 1209 2353 eringium,
1236 2240 1438 2355 plurium
1465 2249 1735 2366 scriptorum
1761 2287 1909 2356 aucto.

231 2413 357 2498 1em;
384 2383 679 2504 quiquidem
709 2390 952 2508 episcopus
983 2396 1070 2484 fuit
1100 2401 1446 2514 Noviomensis,
1492 2410 1707 2535 idemque
1733 2425 1907 2524 Torua.

234 2551 406 2662 censis;
435 2568 480 2638 et
508 2567 617 2638 teste
647 2551 882 2674 sigeberto
909 2585 1030 2648 anno
1056 2561 1307 2656 DCLXVI
1337 2563 1452 2660 obiit
1477 2576 1668 2685 (Valerii
1694 2585 1906 2689 Andreae

231 2711 343 2805 bibl.
360 2715 488 2836 Belg.
514 2723 687 2832 p.201).
745 2720 859 2808 Non
876 2723 1033 2844 inepte
1050 2729 1190 2850 igitur
1207 2734 1430 2846 conjicere
1445 2742 1562 2832 mihi
1573 2747 1758 2863 uideor,
1776 2758 1904 2859 hunc

230 2895 497 2969 restaurasse
522 2897 731 2966 notarum
758 2883 1093 3022 collectionem,
1122 2919 1236 3014 quae
1258 2899 1464 3017 pluribus
1488 2877 1651 3007 additis
1676 2925 1810 3044 atqne
1835 2933 1902 3022 in-

230 3045 393 3148 textis,
423 3042 478 3134 ab
510 3042 609 3131 aliis
635 3064 792 3159 postea
821 3070 949 3154 aucta
972 3055 1121 3152 fuerit.

348 3207 391 3326 q,
429 3207 524 3328 549.
594 3210 761 3330 Neque
789 3216 913 3304 enim
951 3249 1055 3312 eum
1082 3249 1210 3322 notas
1236 3229 1484 3353 invenisse,
1521 3270 1673 3373 neque
1697 3259 1899 3375 primum

230 3373 487 3496 collegisse,
514 3395 611 3472 tum
630 3405 687 3466 ex
714 3409 770 3468 eo
789 3401 933 3498 patet,
961 3389 1087 3507 quod
1109 3396 1265 3490 Tullio
1291 3424 1336 3493 et
1354 3408 1552 3503 Senecae
1571 3443 1724 3512 earum
1742 3425 1900 3520 iuven.

229 3541 407 3644 tionem
427 3560 472 3630 et
490 3542 806 3638 collectionem
825 3549 1002 3660 tribuit,
1032 3575 1129 3648 tum
1151 3585 1208 3652 ex
1231 3595 1307 3674 eo,
1337 3572 1463 3690 quod
1479 3575 1608 3687 dicit,
1639 3589 1898 3686 seniorum

229 3705 420 3823 vestigia
445 3726 649 3798 secutum
682 3741 799 3819 esse,
843 3717 1032 3832 syllabas
1058 3720 1295 3834 adjecisse,
1335 3749 1554 3858 notasque
1581 3745 1631 3832 in
1662 3753 1899 3849 meliorem

232 3863 446 3960 ordinem
467 3868 704 3994 redegisse.
764 3877 898 3968 Hanc
921 3877 1120 4002 denique
1146 3889 1238 4000 ejus
1269 3897 1582 3998 collectionem
1608 3929 1776 4003 tantam
1798 3948 1898 4012 non
2036 3990 2041 3996 -

228 4033 388 4138 fuisses
415 4055 580 4154 quanta
598 4067 727 4132 nunc
753 4044 1107 4152 estGmterlana,
1127 4079 1185 4142 ex
1202 4061 1406 4154 terminis
1433 4093 1616 4181 constat,
1635 4109 1749 4196 quos
1766 4079 1902 4179 diser·

230 4201 290 4286 tis
317 4197 466 4287 verbis
496 4206 625 4319 operi
655 4236 738 4296 suo
769 4210 1001 4340 constiutit
1029 4237 1054 4304 a
1078 4239 1186 4310 nota
1213 4223 1294 4315 AB
1322 4261 1466 4352 usque
1494 4237 1550 4325 ad
1576 4263 1730 4334 notam
1757 4248 1898 4340 PLA·

231 4361 479 4472 Tacta,
509 4363 560 4504 iu
585 4402 720 4490 quam
752 4375 967 4471 desinunt
997 4382 1130 4475 etiam
1154 4391 1430 4512 antiquiores
1459 4397 1592 4516 hujus·
1617 4405 1899 4504 collectionis

229 4523 332 4620 libri
350 4525 411 4650 (d.
433 4525 528 4648 340.
550 4535 646 4654 545.
667 4537 787 4656 552).

1209 4661 1268 4834 40
