4744 5960
1169 646 1226 667 ··-
1284 587 1370 714 478
1421 633 1484 662 -··

482 827 695 926 curratur,
723 820 815 909 sola
839 816 924 904 bac
943 810 1240 902 inclinatione
1257 796 1400 898 sarias
1416 804 1825 927 exprimit'vocales
1847 807 1906 926 (d
1919 805 2146 930 r5oseq.l;

482 1013 661 1106 quaque
679 981 830 1068 literae
852 994 896 1065 et
912 975 1105 1091 syllabae
1125 974 1179 1059 in
1195 973 1290 1063 aliis
1309 971 1606 1060 involvuntur
1627 973 1826 1089 (μου),
1848 993 1983 1092 atque
2001 972 2147 1063 diver.

483 1178 557 1238 sus
582 1146 654 1233 vel
675 1143 1002 1232 terminationis
1025 1139 1099 1226 vel
1124 1137 1287 1256 puncti
1312 1137 1438 1224 locus
1458 1134 1596 1221 unius
1618 1133 1908 1253 ejusdemque
1926 1156 2065 1228 notae
2080 1137 2146 1227 di-

481 1501 542 1559 ne
573 1463 747 1588 species
778 1461 966 1585 quidem
997 1465 1049 1549 in
1084 1459 1269 1548 Graecis
1302 1455 1714 1582 tachygraphornm
1750 1461 1872 1554 notis
1908 1469 2141 1584 reperitur.

481 1631 609 1724 Alius
637 1645 866 1751 praeterea
904 1625 1168 1718 diversitatis
1196 1645 1300 1716 ante
1319 1622 1493 1748 (§.460)
1514 1625 1603 1736 jam
1626 1627 1909 1716 mentionem
1939 1631 2141 1722 fecimus.

478 1793 646 1916 Neque
665 1815 816 1882 tamen
835 1809 1075 1908 propterea
1091 1790 1364 1913 negaverim,
1385 1790 1556 1910 aliquot
1573 1789 1846 1880 characteres
1873 1823 1932 1881 ex
1950 1789 2142 1885 Graeco-

480 1989 583 2052 rum
609 1960 730 2044 notis
751 1959 802 2042 in
825 1955 1099 2044 Tironianas
1122 1955 1288 2072 passim
1302 1954 1531 2042 transferri
1550 1956 1769 2068 potuisse,
1796 1957 1939 2043 immo
1966 1959 2142 2047 transla-

480 2143 552 2211 tos
573 2117 732 2232 fuisse3
756 2115 898 2239 idque
919 2115 1087 2208 mirum
1106 2144 1205 2207 non
1219 2115 1472 2218 videbitur,
1500 2141 1643 2233 quum·
1663 2116 1807 2206 iidem
1825 2124 2142 2214 Romanorum

479 2281 775 2404 tachygraphi
803 2275 862 2369 ad
897 2272 1097 2368 notanda
1117 2301 1162 2368 et
1179 2277 1347 2372 Latina
1375 2299 1419 2367 et
1442 2280 1612 2367 Graeca
1629 2273 1752 2368 haud
1784 2275 1926 2372 dubie
1950 2279 2142 2377 adhibiti

476 2445 659 2540 luerint
716 2445 930 2536 Ceterum
943 2471 1033 2533 cur
1048 2437 1346 2566 tachygrapbi
1368 2445 1588 2536 aGraecis
1607 2447 1712 2533 trito
1734 2441 1925 2536 nomine
1949 2445 2142 2573 ὀξυψρά.

478 2626 552 2728 φοι
590 2605 895 2731 appellentur,
933 2605 1149 2729 idemque
1173 2611 1447 2700 vocabulum
1483 2601 1586 2714 dede
1623 2629 1713 2698 tam
1744 2619 1963 2724 acutum,
2005 2649 2141 2739 quarn

472 2783 722 2902 promtum
750 2789 796 2861 et
818 2765 1098 2892 expeditne
1122 2773 1366 2898 significet,
1395 2803 1525 2890 causa
1553 2807 1610 2862 ex
1635 2775 1907 2866 Graecarum
1930 2803 2143 2874 notarum

479 2934 865 3058 contemplatione
888 2933 1166 3058 intelligitur.
1244 2945 1413 3031 Earum
1442 2942 1566 3028 enim
1592 2939 1865 3031 characteres
1897 2950 2143 3066 cuspidati,

477 3097 827 3230 vulgaribusque
853 3094 992 3226 louge
1029 3097 1249 3193 acutiores
1276 3099 1622 3226 subtilioresque
1647 3131 1773 3223 sunt;
1813 3111 2018 3235 indeque
2042 3114 2141 3226 ‹rgo-

475 3273 679 3395 γράφους
708 3261 953 3388 appellatos
988 3297 1108 3372 esse,
1143 3263 1225 3386 qni
1257 3265 1322 3360 eis
1346 3283 1604 3378 uterentur,
1634 3276 1878 3367 verisiurile
1905 3303 1981 3371 est.
2041 3289 2141 3375 Fre.

478 3434 868 3555 quentissimamm
890 3449 1040 3520 autern
1067 3435 1119 3520 in
1143 3423 1231 3522 hac
1255 3431 1502 3555 scriptione
1524 3437 1765 3553 cuspidum
1795 3463 1932 3563 atque
1957 3451 2142 3571 angulo«

478 3631 599 3703 rum,
629 3591 710 3714 qui
741 3591 1005 3688 festinanter
1034 3588 1262 3689 scribendi
1284 3598 1449 3685 rationi
1476 3597 1666 3686 minime
1696 3605 1949 3698 convenire
1983 3610 2141 3700 vidon-v

321 3875 325 3881 ,
475 3785 571 3866 tur,
613 3783 743 3849 causa
772 3754 931 3848 eadem
963 3775 1051 3871 est,
1098 3786 1234 3884 quam
1262 3763 1314 3850 in
1341 3757 1695 3852 Tironianarum
1724 3763 1934 3860 notarum
1964 3779 2140 3866 ratione

476 3922 743 4046 explicanda
768 3917 924 4046 (§.19)'
953 3921 1206 4015 adtulimus«
2129 3909 2207 3946 ⁸*

589 4090 628 4206 ᾗ.
658 4113 753 4208 499.
811 4091 907 4180 Jam
931 4109 1041 4176 vero·
1068 4107 1278 4176 notarum
1299 4089 1569 4179 Graecarum·
1599 4091 1875 4216 cognitionis
1902 4099 2139 4196 utilitatem·

475 4245 626 4339 multis
649 4250 841 4365 probare
860 4247 1133 4374 argumentis
1149 4246 1279 4342 facile
1295 4256 1659 4374 supersedemus,
1687 4295 1829 4380 quum
1850 4269 2137 4360 manifestum

470 4417 533 4502 ¹sit
550 4414 908 4523 incommodum,
924 4418 1051 4538 quod
1072 4449 1130 4508 ex
1147 4441 1300 4508 eurum·
1319 4421 1607 4540 ignoratione
1628 4431 1817 4519 exsistit*
1853 4429 1996 4549 Quod
2011 4439 2142 4524 enim

247 4589 252 4596 ·
391 4644 392 4648 r
470 4567 538 4656 de
554 4571 742 4670 homine
764 4579 950 4692 dicitur,
973 4584 1053 4704 qui
1068 4583 1296 4675 literarum
1315 4609 1474 4708 expers
1494 4611 1579 4700 cst,
1604 4588 1936 4714 o‘ppop‘un'rrcr
1958 4593 2140 4720 ἄπειρος
