4722 5868
1069 571 1355 658 ..17-

386 762 501 850 visse
521 763 537 872 (
548 755 689 877 5457.
703 753 824 872 seq.).
891 751 1114 860 Alterum,
1137 785 1290 877 neque
1309 754 1559 860 materiam,
1583 756 1635 842 in
1656 787 1744 878 qua
1762 759 2048 872 scriberetur,

383 887 537 1044 neque
557 912 873 1024 instrumenta,
905 918 1070 1038 quibus
1097 918 1155 1008 ad
1185 919 1477 1010 scribendum
1501 942 1754 1029 uterentur,
1783 955 1961 1046 semper
1983 963 2049 1020 ea·

386 1090 492 1180 dem
507 1091 668 1192 luisse,
696 1106 828 1205 atque
855 1083 962 1173 ideo
985 1117 1043 1176 ex
1064 1107 1216 1175 nostra
1234 1085 1463 1215 scribendi
1479 1087 1675 1194 ratione,
1695 1094 1922 1184 veteribus
1952 1127 2053 1190 ean·

383 1256 489 1348 dem
507 1257 667 1359 fuisse,
696 1252 848 1339 minus
876 1268 997 1355 recte
1024 1249 1190 1372 colligi.
1283 1325 1285 1332 ,

494 1417 533 1534 p
570 1446 633 1534 19·
689 1414 890 1500 Romani
920 1413 1061 1535 igitur
1092 1413 1302 1531 epistolas
1334 1413 1390 1503 ad
1420 1417 1608 1523 amicoS,
1646 1419 1710 1508 sic
1740 1441 1785 1509 et
1816 1426 1963 1541 prima
1987 1428 2054 1520 di.

381 1602 523 1686 crata,
573 1579 706 1701 atque
737 1579 949 1696 inprimis
981 1581 1138 1667 omnia
1171 1609 1258 1687 ea,
1300 1611 1416 1702 quae
1447 1583 1613 1672 leviter
1633 1605 1809 1677 tantum
1846 1597 2049 1686 notanda

334 1745 336 1750 ’
380 1773 527 1854 erant,
557 1751 608 1834 in
632 1745 795 1857 tabulis
820 1748 975 1850 ceratis
995 1746 1069 1834 vel
1095 1746 1259 1867 ligneis
1280 1747 1598 1863 scriptitarunt,
1658 1749 1817 1870 Quum
1836 1787 1945 1849 vero
1971 1793 2050 1852 ne.

380 1911 538 2030 quein
561 1937 682 2013 cera,
702 1939 853 2028 neque
874 1911 924 1998 in
947 1941 1073 1998 mero
1094 1909 1250 2031 ligno,
1272 1909 1389 2000 ullus
1413 1911 1571 2001 calami
1588 1945 1694 2005 usus
1718 1947 1812 2009 esse
1826 1932 2048 2041 potuerit,

376 2065 502 2168 stilus
526 2094 617 2162 erat
635 2071 936 2164 adhibendus.
991 2058 1119 2162 Hinc
1141 2104 1268 2162 cerae
1293 2107 1398 2164 cum
1417 2077 1520 2166 stilo
1543 2082 1675 2170 simul
1695 2090 1867 2178 mentio
1887 2100 2050 2214 saepis.

376 2244 488 2332 sime
510 2243 583 2344 fit,
612 2259 664 2326 ut
689 2239 811 2356 apud
837 2241 1036 2326 Plinium
1056 2237 1334 2344 secundum,
1365 2244 1444 2360 qui
1470 2246 1552 2348 (L.
1564 2247 1661 2334 VH.
1677 2252 1763 2366 Ep.
1777 2279 1845 2369 27.
1866 2287 1911 2374 p.
1926 2261 2051 2380 591.)

373 2405 435 2494 de
451 2402 759 2494 Athenodoro
775 2397 1064 2522 philosopho
1083 2404 1201 2488 ceris
1218 2415 1268 2490 et
1288 2404 1404 2496 stilo
1421 2403 1722 2500 incumbente
1745 2439 1906 2508 narrat.
1974 2427 2049 2514 In.

373 2575 431 2664 de
454 2597 498 2666 et
519 2577 796 2695 praeclarum
812 2571 927 2662 illud
943 2573 1124 2660 Horatii
1146 2573 1314 2686 (Satyr.
1326 2573 1359 2659 Ι.
1386 2603 1448 2661 10.
1460 2576 1563 2688 72):

475 2739 629 2857 Saepe
645 2735 813 2826 stilum
827 2748 1014 2844 vertas,
1042 2740 1243 2846 iterum,
1273 2769 1397 2863 quoa
1414 2737 1575 2865 digna
1595 2735 1695 2867 legi
1718 2755 1856 2856 sunt,

487 2907 769 3026 Scripturas
793 2932 875 3000 cet.
1271 2995 1276 3009 .

372 3097 505 3196 atque
529 3073 651 3190 apud
670 3075 879 3164 Plautum
902 3081 919 3190 (
925 3075 1063 3166 Bach.
1074 3080 1155 3168 IV.
1174 3103 1218 3192 4.
1228 3075 1310 3186 63)
1344 3069 1546 3181 stilum,
1564 3079 1727 3192 scaros,
1765 3071 1815 3168 ct
1832 3077 2050 3179 tabellas-

370 3235 502 3363 effer.
546 3237 728 3360 Quibus
749 3239 1062 3349 consideratis,
1081 3207 1326 3362 asperitatis
1355 3271 1406 3328 ac
1428 3241 1589 3361 rigoris
1612 3243 1664 3328 in
1686 3263 1897 3335 notarum
1910 3249 2043 3340 Tiro-

337 3373 608 3502 ¹'niana'rum
639 3412 796 3500 fonnis
821 3411 934 3499 ratio
957 3429 1003 3499 et
1024 3439 1154 3500 causa
1179 3408 1671 3530 affatim‘eognoscitur.
1731 3410 1890 3532 Quum
1918 3421 2044 3512 enirn

357 3579 513 3682 stilus,
540 3578 620 3697 qui
647 3579 698 3664 in
726 3605 825 3664 cera
852 3577 948 3667 sive
977 3577 1106 3698 ligno
1123 3605 1255 3698 aegre
1274 3575 1503 3696 procedit,
1535 3573 1592 3664 ad
1615 3574 1761 3669 flexus
1781 3582 1945 3673 leniter
1973 3589 2042 3676 in-

370 3725 574 3832 comatos
591 3743 780 3829 minime
801 3762 915 3832 esset
938 3741 1089 3862 aptus3
1117 3752 1216 3832 non
1242 3763 1308 3833 est
1323 3745 1513 3848 mirum,
1543 3773 1743 3862 asperam
1770 3747 1890 3836 illam
1917 3773 2045 3843 nota.

368 3941 470 3997 rum
497 3911 708 4018 formam,
737 3909 849 4000 inde
869 3911 1140 4031 profectam,
1168 3908 1252 3997 ubi
1277 3911 1416 4000 semel
1444 3909 1631 4000 inducta
1664 3930 1709 3999 et
1742 3915 1903 4005 usitata
1931 3920 2042 4028 luit,

369 4075 503 4164 etiam
520 4095 619 4165 tum
639 4107 732 4168 esse
753 4057 993 4185 retentam,
1021 4109 1164 4199 quum
1189 4077 1279 4169 stili
1300 4077 1389 4195 jam
1411 4077 1552 4166 rarior
1575 4105 1681 4167 usus
1710 4098 1838 4170 esset.
