4722 5868
981 553 1348 666 '⁴¹9-

378 749 522 880 Quod
551 755 590 846 si
619 750 677 844 de
709 769 801 842 arte
838 753 913 844 illa
937 759 1187 880 generatim
1220 759 1519 866 intellexeris,
1562 787 1721 850 arero
1754 753 1879 852 haud
1910 757 2051 888 longe

377 923 648 1010 aberraveris
671 920 877 1041 (§.498):
919 925 991 1012 sin
1010 887 1308 1042 Carpentiero
1328 923 1534 1044 (alphab.
1555 925 1717 1013 Tiron.
1727 929 1864 1042 praef.
1888 932 2051 1047 pr.)

377 1088 495 1178 duce
520 1089 764 1178 Romanos
790 1089 956 1180 dixeris
977 1089 1149 1216 iisdem
1181 1093 1336 1195 notis,
1367 1116 1491 1212 quae
1521 1117 1579 1178 ers
1602 1091 1833 1180 instituto
1860 1090 2052 1184 Graeca

375 1249 740 1380 significassent
775 1250 946 1364 uerba,
988 1285 1094 1346 risos
1116 1287 1211 1344 esse
1236 1249 1312 1340 ad
1333 1249 1501 1342 eadem
1520 1251 1704 1342 Latine
1726 1260 2051 1372 ‘exprimenda
2118 1357 2124 1376 ,

373 1453 472 1510 rern
503 1455 610 1514 sane
641 1421 880 1512 absurdam
912 1449 1146 1542 propones
1179 1422 1249 1540 (d.
1267 1419 1323 1510 65
1333 1425 1372 1538 ).'

490 1592 531 1708 ᾗ.
561 1617 630 1678 aa.
689 1589 931 1680 Orationes
964 1591 1195 1706 inprimis,
1227 1587 1293 1700 *in
1322 1605 1481 1680 senatu
1512 1617 1563 1676 ac
1597 1587 1698 1676 foro
1727 1581 1920 1698 habitas,
1957 1599 2052 1686 Ro·

322 1717 328 1736 x
371 1754 497 1842 mani
525 1755 737 1870 excipere
767 1752 971 1842 solebant
995 1747 1293 1870 tachygraphi
1322 1750 2053 1875 ([1011111101111111.ςε111.])1ο.ΠΧ

362 1919 561 2041 11439).
632 1923 726 2008 Εο1
756 1920 937 2041 egregie
969 1915 1205 2034 descripsit
1230 1915 1472 2022 Manilius,
1502 1913 1697 2039 Augusti
1721 1922 1940 2045 aequalis,
1975 1924 2048 2016 tri.

371 2084 429 2172 tis
448 2081 520 2171 his
542 2083 746 2172 versibus
775 2081 986 2192 (Astron.
1000 2083 1077 2172 IV.
1098 2113 1143 2176 v,
1158 2085 1289 2201 197):

486 2245 586 2335 Hic
611 2255 660 2332 et
684 2247 900 2361 'scriptor
926 2249 1024 2332 erit
1049 2209 1212 2353 uelox,
1238 2250 1317 2333 cui
1342 2233 1490 2331 litera
1516 2232 1713 2332 verbum
1739 2250 1830 2351 est,
1982 2346 1986 2356 ,

494 2411 680 2538 Quique
709 2413 838 2497 notis
869 2401 1093 2534 linguam
1122 2421 1334 2528 superet,
1363 2413 1627 2536 cursimque
1655 2407 1893 2536 loquentis

486 2576 730 2694 Excipiet
756 2572 931 2701 longas
959 2604 1083 2664 nova
1115 2605 1208 2697 per
1238 2573 1525 2692 compendia
1552 2602 1699 2664 voces.

370 2738 587 2830 Similiter
621 2725 840 2828 Martialis
872 2740 1148 2850 (Lib.XIV.
1177 2741 1335 2861 Epigr,
1351 2739 1490 2855 202):
1621 2833 1634 2848 „

460 2893 679 2984 Currant
707 2886 860 2983 verba
888 2887 1022 3000 licet,
1052 2919 1224 2980 manus
1253 2899 1325 2980 est
1350 2886 1557 2979 velocior
1579 2877 1713 2996 illis,-

458 3057 683 3148 Nondurn
709 3055 887 3186 lingua
915 3091 1071 3167 suum,
1100 3059 1279 3150 dextra
1305 3058 1659 3182 peregit-opus.

369 3226 484 3313 Item
512 3223 743 3316 Ausonius
779 3227 975 3349 (Epigr,
996 3226 1108 3340 158)
1141 3227 1369 3316 notarium
1400 3251 1533 3312 suurn
1568 3209 1823 3340 alloquens:

778 3391 851 3481 Tu
887 3425 1026 3484 sensa
1054 3398 1211 3487 nostri
1229 3393 1439 3513 pectoris

606 3555 610 3561 ¹
781 3557 839 3652 V
832 3561 888 3649 isc
920 3555 1080 3670 dicta,
1098 3559 1215 3686 jam
1240 3557 1358 3647 ceris
1381 3564 1511 3643 tenes
1535 3593 1594 3617 --·

771 3723 845 3816 Et
872 3730 1124 3846 praepetis
1154 3724 1357 3816 dextrae
1373 3715 1515 3842 fuga

776 3885 870 3979 Me
890 3901 948 3978 ta
972 3887 1239 4018 lapsantem
1260 3886 1525 4012 praevenis.

482 4059 522 4181 ᾗ.
553 4059 621 4147 23.
679 4059 1023 4165 Verumtamen,
1050 4059 1222 4149 etiamsi
1242 4045 1612 4176 tachygraphiam
1633 4055 1786 4167 aperte
1808 4035 1921 4136 haec
1935 4049 2039 4142 resi-

368 4232 521 4353 piant,
560 4187 620 4314 ari
646 4225 900 4314 Tironiana
930 4224 1006 4314 illa
1033 4219 1330 4346 intelligenda
1358 4221 1438 4323 sit,
1476 4233 1647 4304 certum
1677 4243 1777 4302 non
1807 4211 2040 4310 habemus.

372 4396 532 4518 Quum
553 4393 677 4484 enirn
703 4409 747 4478 et
769 4391 971 4480 Romani
992 4409 1037 4480 et
1058 4389 1320 4509 posterioris
1340 4384 1440 4474 aevi
1462 4379 1701 4500 scriptores
1727 4397 1938 4470 notarum
1957 4413 2040 4475 no.

350 4560 496 4670 ,mine
519 4558 653 4652 etiam
674 4548 806 4678 siglas
829 4549 1220 4678 comprehendant
1245 4545 1521 4676 (Guadagni
1549 4547 1605 4644 de
1626 4549 1822 4696 florent.
1844 4545 1945 4640 cod.
1966 4545 2037 4644 ed.
