4722 5868
1072 627 1346 714 ...9-

374 831 495 906 taxat
509 805 661 916 edito,
688 799 808 896 ¹nihil
825 803 1016 924 amplius
1032 801 1352 926 impedimenti
1378 803 1498 908 fore,
1525 801 1636 892 falso
1655 803 1743 896 sibi
1764 805 1930 898 hebere
1947 839 2044 931 per-

372 1005 554 1068 suasum
575 973 947 1089 (schoenemann
962 975 1110 1090 systl·
1122 974 1222 1087 604.
1245 973 1450 1058 Gatterer
1468 967 1647 1086 epham.
1661 970 1763 1062 hist.
1782 973 1902 1089 1775.
1915 980 1948 1065 1.
1958 977 2043 1098 93).

369 1140 529 1262 Quem
549 1142 691 1245 enim,
721 1169 909 1260 quaeso,
937 1165 1071 1230 usum
1088 1138 1304 1257 praebere
1324 1135 1494 1252 poterit
1508 1103 1693 1223 lexicon
1706 1141 1777 1244 ei,
1801 1143 1881 1260 qui
1900 1107 2046 1233 nescit

371 1304 557 1428 legere?
587 1305 695 1424 Quo
717 1305 821 1392 loco
832 1303 1018 1426 singula
1046 1301 1262 1423 quaeret?
1286 1296 1401 1418 'Quo
1426 1296 1655 1415 reperiet?
1685 1300 1783 1419 Qui
1807 1333 1915 1393 vero
1945 1339 2044 1400 non

370 1475 462 1561 nisi
480 1503 537 1560 ex
554 1471 717 1593 signis,
734 1471 829 1557 sive
857 1465 929 1562 ns
960 1469 1160 1588 σημείων
1199 1457 1422 1575 ejusmodi
1442 1460 1628 1548 lexicon
1654 1490 1919 1582 componat,
1949 1505 2043 1592 quo

371 1639 411 1726 is
441 1635 602 1725 ordine
636 1635 779 1730 varias
807 1633 972 1753 figuras
1013 1627 1256 1748 disponere
1285 1625 1454 1744 poterit
1477 1626 1561 1732 ita,
1595 1645 1648 1714 ut
1683 1628 1778 1718 aliis
1814 1635 1948 1722 etiam
1987 1641 2045 1727 sit

371 1798 510 1892 usui?
546 1799 633 1887 Fac
658 1800 868 1916 insuper,
897 1792 948 1885 id
973 1795 1073 1883 fieri
1100 1823 1254 1913 posse,
1284 1821 1370 1880 nae
1397 1817 1483 1880 nos
1508 1811 1759 1910 numquam
1783 1793 2043 1908 hujusmodi

372 1967 569 2058 instituti
598 1983 801 2052 auctores
832 1961 1000 2052 simus!
1047 1962 1119 2050 Eo
1153 1953 1279 2046 enim
1307 1975 1444 2046 notae
1474 1957 1756 2050 Tironiauae
1789 1993 1847 2052 ex
1875 1995 2043 2086 genere

369 2131 713 2251 scripntrarum,
742 2126 1064 2216 vocissonum
1084 2123 1223 2214 literis
1243 2118 1588 2228 declarantium,
1617 2124 1713 2214 sive
1740 2129 1844 2220 soni
1868 2149 2044 2228 tantum
2103 2241 2109 2253 ·

366 2299 640 2388 interventu.
657 2286 1162 2405 comprehensibilium,
1201 2275 1563 2394 (liberatarum,
1592 2307 1644 2376 ut
1680 2297 1888 2406 vocant)'=
1905 2318 2043 2391 trans·

367 2463 593 2551 ferrentur
609 2457 660 2542 in
678 2453 865 2539 alterum
884 2475 1029 2566 genus
1046 2446 1384 2562 scripturarum,
1404 2479 1519 2568 quae
1538 2451 1589 2538 in
1606 2473 1807 2545 mentem
1827 2467 2040 2578 proxime

368 2619 582 2712 incidunt
612 2605 890 2730 (realimn),
931 2608 988 2698 ad
1016 2606 1165 2731 quod·
1186 2609 1375 2700 minime
1406 2615 1638 2730 pertinent
1670 2622 1734 2739 (q.
1761 2622 1832 2712 51.
1848 2623 1918 2718 86,
1936 2627 2040 2748 87)ἰ

249 2761 255 2774 ’
368 2786 679 2904 memoriaque
700 2808 837 2902 quam
862 2778 1143 2871 velocissima
1171 2791 1215 2866 et
1238 2775 1528 2895 capacissima
1553 2779 1610 2870 ad
1636 2787 1921 2880 retinendam
1948 2813 2041 2885 tan.

369 2972 461 3042 tam
483 2953 719 3072 signorum
735 2941 1076 3036 multitudinem
1095 2971 1381 3062 nequaquam
1398 2941 1624 3034 sufficeret
1646 2949 1816 3066 (dds).
1856 2953 2038 3048 Abeant

369 3118 530 3239 iginu,
578 3115 660 3234 qui
690 3134 819 3202 notas
852 3090 1128 3200 Tironianas
1151 3126 1204 3196 ut
1232 3107 1361 3228 signa
1387 3107 1615 3198 arbitraria
1642 3131 1829 3202 tractant
1860 3120 1924 3236 (q.
1944 3123 2039 3232 61).

369 3280 571 3387 Abeant,
611 3279 693 3398 qui
721 3278 879 3401 ignota
913 3296 958 3366 et
980 3275 1169 3372 obscura
1192 3272 1355 3393 scripta
1381 3273 1665 3394 interpretari
1695 3277 2040 3400 aggrediuntur,

369 3445 495 3538 haud
512 3442 663 3540 addita
682 3443 922 3564 perspicua
941 3471 992 3528 ac
1010 3438 1262 3529 sufficiente
1286 3437 1474 3560 legendi
1491 3443 1679 3534 ratione.

483 3611 524 3730 ᾗ.
559 3642 622 3700 11.
687 3611 856 3729 Neque
893 3627 1105 3700 notarum
1140 3609 1497 3700 Tironianarum
1531 3631 1779 3702 accuratam
1821 3617 2041 3737 cognitio·

369 3749 478 3870 nem
509 3803 713 3899 unquam
739 3774 1063 3894 adipiscentur,
1102 3774 1184 3894 qui
1210 3803 1309 3864 non
1335 3775 1577 3894 exploratis
1606 3775 1828 3894 partibus,
1869 3781 2035 3900 quibus

372 3961 599 4046 constant,
617 3939 669 4028 in
685 3938 810 4030 nuda
827 3972 980 4030 earnm
997 3939 1326 4063 significatione
1347 3943 1647 4060 acquiescunt
1686 3941 1736 4028 N
1738 3971 1787 4031 os
1812 3943 1943 4032 aliam
1969 3947 2037 4033 in·

369 4107 564 4233 gressuri
585 4107 704 4194 viam
721 4101 778 4194 ad
799 4103 979 4198 easdem
998 4108 1082 4198 rite
1104 4107 1412 4230 explicandas,
1435 4110 1629 4200 instituti
1648 4114 1792 4202 nosni
1813 4114 2038 4206 rationem

368 4273 567 4366 breviter
594 4251 889 4386 exponemus.
963 4275 1166 4364 Primum
1192 4277 1293 4396 quis
1315 4255 1525 4366 notarum
1544 4275 1899 4370 Tironianamm
1925 4281 2034 4372 linis

369 4436 505 4534 fuerit
539 4431 798 4524 videbimus
827 4437 1141 4559 (§.15.seq.),
1172 4461 1225 4528 ut
1249 4438 1307 4529 ad
1331 4437 1643 4565 indagandum
1674 4474 1829 4532 aarum
1857 4445 2037 4538 fontem

364 4602 502 4738 'locus
514 4597 650 4692 nobis
666 4599 903 4728 aperiam.
943 4604 1132 4700 Deinde
1143 4606 1385 4729 praemissa
1406 4609 1606 4728 ipsarum
1627 4629 1672 4702 et
1690 4607 1878 4732 originis
1897 4629 1942 4701 et
1968 4614 2037 4706 in·

1375 4797 1404 4866 2
