4476 5760
962 433 1345 523 ἰ-νὸιό-’

401 648 442 769 q.
471 650 585 764 344·
629 643 684 734 Id
708 642 896 764 quidem
929 666 1034 736 ante
1062 648 1218 734 omnia
1239 642 1388 765 probe
1408 639 1680 747 tenendum,
1717 647 1951 761 praefatio

279 812 357 904 nis
381 832 610 902 auctorem
640 797 839 896 eundem
871 827 986 913 esse,
1027 801 1104 899 cui
1131 809 1470 899 distinctionem
1494 808 1762 922 syllabarum
1784 810 1838 896 in
1863 807 1951 899 ool-

283 976 480 1069 lectione
502 974 584 1089 (26
603 1016 663 1037 ·--
683 965 765 1083 δι)
795 991 929 1091 atque
958 972 1168 1063 ordinem
1194 965 1448 1094 seriemque
1473 992 1684 1061 notarum
1719 973 1949 1067 debemus

281 1144 390 1263 ‘Ipse
408 1144 533 1231 enim
552 1140 634 1244 ait,
656 1168 704 1228 se
722 1168 864 1256 opus,
882 1132 1008 1257 quod
1026 1135 1366 1256 spopondisset,
1383 1127 1570 1227 adnexis
1594 1138 1771 1254 syllabis
1790 1141 1950 1230 immu-

279 1332 421 1413 tasse,
448 1328 500 1395 nt
524 1301 687 1395 ordine
708 1322 844 1391 notae
863 1305 1003 1423 magis
1020 1293 1364 1406 illustrarentur,
1386 1335 1447 1391 eo
1468 1294 1594 1422 quod
1612 1305 1809 1425 singulas
1824 1284 1951 1424 quas-

278 1468 398 1560 tibet
400 1460 572 1590 generi
590 1495 681 1553 suo-
698 1454 947 1576 subjecerit.
1006 1454 1116 1582 Quo
1131 1453 1375 1575 jucundior
1391 1485 1541 1554 autem
1557 1477 1768 1555 notarum
1783 1465 1950 1557 studio-
2061 1498 2071 1511 ·

282 1636 345 1724 ais
359 1632 482 1719 ⁸haec
510 1608 673 1716 noiitia
703 1656 797 1715 esse
824 1625 980 1732 debet,
1006 1648 1062 1716 eo
1084 1631 1226 1749 magis
1247 1629 1382 1717 etiam
1404 1652 1618 1748 quaerere
1642 1613 1819 1738 attinet,
1853 1664 1947 1753 qno

284 1798 494 1919 tempore
513 1806 672 1885 auctor
688 1784 766 1881 ille
784 1785 960 1881 vixerit.
990 1782 1153 1883 Isidori
1162 1791 1360 1912 quidem
1375 1786 1523 1898 locus,
1547 1789 1816 1913 praefationi
1824 1826 1951 1916 prae.

282 1964 469 2070 missus,-
492 1954 779 2051 documento
798 1973 895 2061 est,-
922 1958 1053 2047 illum
1078 1976 1307 2048 nonanta
1332 1959 1485 2072 hujus,
1523 1961 1604 2079 qui
1630 1961 1748 2049 circa
1773 1991 1951 2053 annum

282 2116 665 2230 mxcvtlomit',
687 2133 875 2211 aetatem
889 2112 1042 2209 biisse.
1079 2116 1251 2245 Neque
1266 2123 1423 2216 tamen
1443 2123 1638 2216 dubitari
1649 2122 1813 2245 potest,
1833 2128 1949 2248 quin

284 2299 428 2389 multo
449 2290 554 2383 ante
572 2292 800 2382 saeculum
817 2300 998 2375 nonum
1014 2289 1192 2377 vixerit
1251 2291 1394 2411 Quod
1417 2316 1510 2412 qno
1530 2288 1682 2380 minus
1700 2294 1947 2402 verumsit,
2024 2350 2029 2355 -

284 2486 439 2583 neque
464 2451 644 2548 obstant
665 2445 1044 2544 versusLeonini
1070 2450 1313 2560 (Muratori
1337 2460 1506 2576 antiqu.
1525 2453 1849 2568 ballneo),
1871 2488 1950 2550 ne·
2051 2536 2059 2544 .

286 2650 380 2750 que
398 2621 737 2743 prohibetlibri
758 2609 1001 2735 scriptura,
1023 2639 1159 2738 quam
1186 2615 1351 2708 saeculi
1372 2623 1490 2708 noni
1513 2651 1608 2711 esse
1628 2619 1727 2709 dixi
1749 2624 1812 2741 (gt
1830 2625 1948 2744 549).

285 2783 501 2908 Namque
518 2779 848 2904 autographum
861 2805 967 2870 'non
982 2812 1089 2888 esse,
1116 2803 1214 2872 tum
1232 2785 1396 2902 plures,
1425 2779 1506 2905 qui
1524 2788 1576 2873 in
1602 2815 1658 2874 eo
1680 2801 1797 2893 sunt,
1818 2781 1948 2878 libra·

284 2950 344 3043 rii
373 2959 567 3054 errores,
597 2943 770 3067 ‘quibus
797 2947 1021 3035 sententia
1047 2946 1279 3038 interdurn
1309 2940 1450 3066 plane
1476 2966 1693 3055 mutatur,
1730 2947 1947 3071 produnt,

285 3118 384 3210 tum
409 3120 508 3238 ipsa
531 3114 751 3206 sermonis
774 3102 993 3201 conditio.
1051 3110 1205 3204 Nemo
1236 3111 1360 3204 enim
1385 3107 1599 3204 historiae
1625 3113 1809 3238 linguae
1823 3116 1950 3211 Lati.

283 3307 373 3370 nae
398 3303 497 3368 non
519 3274 702 3399 ignatus
721 3266 899 3364 saeculo
923 3299 1053 3363 nono
1080 3267 1200 3367 hanc
1219 3277 1549 3398 praelationem
1576 3282 1829 3374 confectam
1853 3308 1952 3378 essa

286 3437 510 3546 censebit,
539 3436 713 3560 quippe
733 3439 858 3550 cujus
871 3436 1134 3529 barbarismi
1153 3456 1198 3532 et
1220 3445 1476 3536 soloecismi
1493 3443 1615 3554 illos,
1644 3450 1726 3571 qui
1747 3448 1803 3539 in
1820 3450 1950 3545 istius

282 3604 452 3696 'saeculi
488 3599 663 3724 scriptis
693 3593 1124 3722 deprehenduntur,
1165 3592 1308 3733 longe
1338 3626 1579 3732 superent,
1614 3612 1950 3738 septimumque

283 3765 439 3888 potius
457 3761 691 3856 redoleant
708 3764 947 3855 saeculum.
1015 3760 1158 3890 Quod
1176 3796 1270 3891 qno
1288 3772 1431 3898 magis
1451 3775 1767 3896 perspiciatur,
1797 3783 1949 3871 confe-

283 3947 440 4020 rantur
459 3927 597 4019 velim
629 3956 701 4034 ea,
730 3958 845 4049 quae
858 3931 1132 4050 speciminis
1161 3963 1292 4026 carna
1315 3970 1373 4028 ex
1397 3940 1667 4061 quibusdam
1695 3942 1950 4065 diplomati·

282 4094 370 4184 bus
394 4119 553 4216 regum
581 4062 855 4184 Francorum
884 4094 1034 4214 stirpis
1056 4095 1399 4225 Merovingicae
1430 4110 1743 4228 excerpta-hic
1772 4112 1966 4233 subjici-⁵

283 4285 395 4347 mus.
455 4256 509 4345 In
534 4251 682 4347 charta
709 4259 820 4346 anni
840 4256 1377 4361 DCXCII·Chlodoveus
1403 4273 1468 4361 III
1497 4275 1693 4388 (Mobill.
1715 4275 1773 4365 L.
1791 4307 1853 4367 vr.
1883 4281 1946 4369 16.

284 4421 446 4538 pay-3)
470 4423 531 4510 ita
556 4422 779 4540 loquitur:
816 4417 952 4516 Unde
968 4432 1018 4517 et
1035 4436 1152 4518 ante
1172 4427 1273 4522 dies
1296 4464 1564 4557 percorum
1581 4444 1793 4532 noticias
1808 4450 1948 4566 pari·
