4476 5760
885 517 1168 634 -·45...

191 732 424 829 dicuntur
437 794 440 803 -
453 702 825 861 recognitionis.
849 760 993 859 usque
1018 732 1095 824 ad
1116 723 1354 825 saeculum
1378 728 1679 825 undecimum
1704 737 1856 824 etiam

187 901 411 1023 viguisse.
465 898 562 1018 Qui
581 893 768 1015 quidem
789 927 931 1001 error,
952 929 1010 988 ex
1026 929 1199 991 summa
1220 915 1395 987 tautum
1418 897 1706 1019 ignoratione
1725 928 1857 999 verae

189 1061 359 1151 indolis
391 1035 529 1175 hujus
557 1061 786 1151 scribendi
818 1065 997 1184 generis
1027 1083 1179 1177 uatus,
1208 1093 1307 1153 uon
1342 1065 1545 1163 excusari
1570 1083 1740 1184 potest,
1768 1063 1859 1154 nisi

188 1226 500 1348 quodcunque
534 1227 746 1348 siglerum
777 1229 1104 1348 signorumque
1138 1260 1309 1350 genus,
1339 1230 1550 1326 cuicum
1573 1231 1694 1321 notis
1723 1227 1856 1320 Tiro-

183 1397 354 1503 nianis,
384 1394 732 1513 praeterlocum
760 1394 812 1482 in
834 1393 1155 1513 diplomatibus
1179 1393 1383 1498 solitum,
1412 1393 1481 1493 nil
1505 1414 1571 1493 est
1589 1421 1856 1496 commune,

185 1563 464 1658 Tironianae
491 1559 737 1678 scripturae
766 1559 1034 1667 substituere
1064 1558 1176 1659 velis
1201 1558 1266 1683 (ᾗ.
1287 1557 1409 1671 431).
1833 1524 1836 1531 ⁵

1231 1684 1235 1691 s

666 1903 918 1996 cucur
960 1902 1368 2025 Qutururu.

243 2076 485 2206 Scieutiae
509 2109 988 2217 numeraturum,
1017 2122 1066 2198 et
1093 2111 1254 2199 studii
1273 2136 1438 2198 earum
1460 2135 1551 2223 per
1577 2117 1798 2225 tempora

497 2274 501 2283 ¹
611 2295 616 2307 ⁴
729 2270 954 2386 *brevis
981 2294 1230 2426 expositio,
1325 2294 1328 2301 ’

292 2559 334 2677 ᾗ.
359 2555 432 2681 Ι55.
487 2556 870 2648 Notarumartem
886 2557 1095 2646 exercere
1113 2581 1363 2672 numquam
1382 2552 1526 2643 fuisse.
1541 2584 1638 2646 rem
1656 2557 1878 2687 facilem.)

145 2726 370 2815 'minime
407 2754 465 2812 ea.
500 2744 672 2828 aetate,
710 2755 800 2843 qua
830 2725 1060 2840 analyseos
1101 2723 1189 2834 jam
1218 2722 1387 2842 ignaris
1438 2751 1595 2812 omnes
1638 2745 1849 2821 notamm
1948 2710 1953 2717 .

181 2853 343 3010 fiiguras
366 2889 460 2976 sola
477 2888 696 2974 memoria
717 2888 956 3005 complecti
977 2917 1159 2975 necesse
1180 2904 1293 2990 erat,
1323 2916 1460 2975 nemo
1487 2908 1553 2977 est
1575 2891 1690 3008 quin
1704 2893 1848 2985 facile

181 3069 449 3171 assequatur.
506 3047 908 3164 Quemadmodum
930 3050 1112 3140 Graecis
1138 3072 1183 3140 et
1209 3049 1505 3173 ταχυγροίφοι
1525 3073 1571 3141 et
1589 3055 1849 3180 καλλιγροέ-

55 3293 58 3298 ,
174 3226 255 3334 ,φοι
283 3214 429 3316 fuere,
457 3213 519 3298 ita
552 3231 595 3298 et
628 3216 849 3306 Romanis
870 3237 962 3307 tam
991 3223 1201 3328 notarri,
1241 3251 1355 3341 quos
1390 3193 1664 3347 Tironiana's
1692 3232 1841 3320 verisi-

176 3382 287 3494 mile.
308 3397 373 3468 esc
395 3375 596 3471 calluisse
616 3396 746 3467 notas
764 3378 827 3498 (β.
842 3376 941 3491 25),
971 3411 1107 3498 quam
1125 3379 1336 3493 librarii,
1366 3390 1447 3508 qui
1470 3391 1730 3514 vulgaribus
1750 3399 1845 3488 lite·

120 3660 123 3666 Ι
179 3551 247 3668 ris⁸
258 3538 509 3636 utebantur.
565 3541 669 3631 Illos
682 3543 820 3634 fuisse
842 3544 1026 3637 eosdem
1040 3553 1323 3670 arbitremur,
1347 3586 1543 3674 quorum
1561 3558 1612 3644 in
1631 3560 1734 3681 lege
1752 3565 1844 3653 Ro·
1932 3552 1935 3558 ’

180 3708 405 3821 mana.(53
429 3708 469 3826 ᾗ.
487 3740 523 3798 1.
541 3709 605 3800 D.
622 3741 681 3798 ex
700 3711 824 3828 quib.
848 3744 962 3804 caus.
978 3717 1094 3828 maj.)
1119 3724 1292 3808 mentio
1321 3721 1371 3807 lit
1393 3719 1467 3813 his
1491 3721 1661 3812 verbis:
1700 3792 1723 3829 ,‚
1736 3727 1842 3832 Eos,

182 3875 297 3994 „qui
311 3875 442 3960 notis
462 3876 665 3963 scribunt
695 3895 790 3966 acta
818 3880 1095 3996 praesidum,
1124 3886 1191 3974 rei
1208 3888 1415 4004 publicae
1443 3915 1573 3974 causa
1593 3889 1738 4006 (non)
1767 3895 1823 3982 'ab

182 4068 311 4146 „esse
336 4055 506 4125 certum
527 4040 626 4127 est?
694 4038 840 4129 Iidem
859 4045 1070 4159 appellati
1091 4066 1196 4140 sunt
1235 4046 1545 4161 Exceptores,
1572 4047 1623 4139 id
1648 4073 1732 4158 est,
1761 4058 1843 4175 qui

96 4300 108 4305 ,
179 4201 418 4317 excipiunt
437 4196 555 4289 dicta
579 4202 629 4311 (l.
656 4234 708 4324 19
729 4205 821 4327 §.u
846 4206 908 4294 D.
922 4207 1081 4297 Locat.
1126 4210 1363 4332 Augustin.
1379 4215 1507 4330 epist.
1528 4212 1620 4304 152.
1651 4218 1841 4339 Gregor.

175 4372 231 4463 in
248 4365 423 4484 prolog.
443 4388 498 4478 4⁰
514 4362 670 4457 homil
693 4367 750 4456 de
778 4373 868 4466 div.
890 4369 989 4464 lect
1015 4378 1210 4496 evang.)‚
1239 4399 1372 4498 atque
1398 4378 1488 4471 hoc
1515 4385 1716 4475 celeriter
1740 4387 1840 4475 scri·

176 4529 323 4649 bendi
349 4560 493 4652 genus
517 4528 664 4649 probe
694 4551 738 4622 et
772 4542 971 4654 perfecte
1004 4541 1428 4665 teuere'debebant.
1531 4630 1539 4639 .
