4722 5868
375 766 742 856 enuntiationum
764 761 1055 851 dismrctione
1085 779 1131 852 et
1156 759 1528 880 interpunctione
1560 763 1577 876 (
1587 765 1625 876 35.
1648 763 1743 853 515.
1762 769 1878 887 seq.)
1904 799 2047 886 quum

371 933 582 1037 nonsit,
621 926 748 1049 quod
781 927 922 1016 multa
947 927 1085 1016 verba
1116 923 1352 1032 faciamus,
1388 927 1546 1046 paucis
1583 934 1882 1024 tractabimus.
1956 937 2065 1027 sed·

364 1099 687 1220 'praestantiam
712 1093 1022 1200 ostendemus,
1061 1121 1150 1216 qua
1172 1093 1428 1181 Tironiana
1460 1096 1678 1213 scriptum
1702 1103 1928 1192 antecellit
1950 1107 2050 1194 reli.

370 1269 470 1386 quis
496 1268 550 1384 (d.
565 1266 692 1374 525),
722 1257 849 1381 quod
871 1258 1127 1382 παράδοξον
1152 1257 1340 1377 quidem
1361 1255 1611 1364 videbitur,
1632 1264 1781 1352 nihilo
1799 1288 1951 1359 tamen
1969 1277 2049 1362 mi.

369 1465 457 1523 nus
486 1436 538 1518 in
562 1431 714 1518 multis
733 1421 969 1546 probabile
997 1421 1085 1512 fiet
1148 1423 1363 1512 Ceterum
1388 1457 1447 1514 ne
1475 1427 1575 1544 quis
1596 1427 1711 1514 forte
1731 1450 1941 1522 notarum
1962 1459 2047 1530 stu.

370 1599 523 1686 diosus
552 1611 703 1714 putet,
741 1591 900 1678 frustra
939 1619 986 1676 se
1016 1583 1068 1674 in
1096 1577 1188 1675 hoc
1221 1586 1372 1677 studio
1403 1583 1643 1703 desudare3
1680 1593 1916 1685 utilitatem
1948 1633 2049 1692 non

368 1759 648 1850 mediocrem
685 1785 743 1844 ex
785 1755 962 1842 illarum
1008 1741 1274 1876 cognitione
1318 1756 1420 1874 capi
1459 1781 1594 1874 posse
1640 1755 2046 1860 demonstrabimus

373 1928 429 2044 (d.
445 1925 560 2034 526).
636 1923 815 2010 Praeter
833 1920 957 2008 enim
982 1917 1095 2008 illud
1120 1919 1439 2047 commodum,
1471 1922 1596 2043 quod
1619 1926 1769 2042 ipsum
1790 1961 1873 2047 per
1889 1963 1936 2021 se
1960 1936 2049 2026 elu-

371 2109 464 2194 cet,
485 2091 537 2176 in
558 2088 766 2177 facultate
788 2087 1059 2192 consistens,
1081 2117 1155 2194 ea,
1176 2115 1292 2206 quae
1311 2089 1433 2174 notis
1455 2081 1722 2179 Tironiani's
1748 2093 1911 2213 scripta
1931 2122 2049 2210 sunt,

368 2253 556 2376 legendi
580 2257 797 2370 (quotum
822 2247 1008 2368 quidem
1031 2251 1183 2369 plura,
1214 2279 1329 2368 quae
1354 2251 1597 2400 supersunt
1618 2256 1759 2372 (9.7),
1796 2269 2046 2354 recensebit

368 2449 469 2508 mus
500 2413 671 2535 5528),
713 2416 927 2504 mirificos
953 2419 1093 2503 'etiam
1126 2417 1296 2504 fructus
1319 2413 1575 2506 redundare
1602 2418 1866 2514 docebimus
1891 2426 1947 2516 ad
1971 2463 2046 2550 pa.

367 2577 685 2704 lacographos,
714 2577 995 2701 philologos,
1028 2599 1071 2668 et
1100 2575 1418 2698 diplomaticae
1435 2581 1518 2668 arti
1545 2579 1733 2676 deditos.
1790 2589 2046 2714 Palaeogra.

367 2738 483 2867 phis'
500 2747 715 2865 plurima,
745 2773 859 2864 quae
884 2741 1022 2832 literis
1050 2741 1332 2866 vulgaribus,
1362 2745 1476 2864 quin
1509 2749 1644 2836 etiarn
1671 2751 1794 2874 siglis
1818 2757 2047 2850 Romano

368 2949 471 3005 rum
495 2931 670 3001 exarata
698 2925 822 3013 sunt,
852 2905 992 2996 dubia
1013 2925 1056 2996 et
1073 2905 1282 3013 obscura,
1311 2912 1432 2998 notis
1452 2917 1671 3036 cognitis,
1702 2921 1928 3041 explicatu
1950 2928 2046 3018 red-

369 3069 764 3171 denturtfaeiliora
795 3073 849 3194 (ς).
873 3075 990 3187 570).
1061 3071 1310 3195 Philologi‚
1353 3105 1409 3162 eo
1444 3075 1595 3168 studio
1628 3083 1816 3192 imbuti,
1855 3114 2045 3186 aetatem

369 3249 588 3338 librorum
608 3238 910 3362 quorumdam
930 3267 1069 3326 manu
1090 3239 1360 3356 scriptorum
1381 3244 1544 3332 certius
1570 3243 1809 3357 deliniant,
1843 3255 2045 3380 ipsisque

369 3413 551 3517 licebit,
587 3407 782 3500 feliciori
815 3435 1023 3496 successu
1056 3399 1291 3525 indagare,
1330 3406 1564 3527 quomodo
1601 3413 1699 3500 ficri
1732 3427 1955 3534 potuerit,
1995 3451 2048 3522 ut

369 3583 503 3670 falsae
524 3579 691 3700 passim
721 3539 985 3666 eusisterent
1007 3574 1155 3661 variae
1184 3569 1403 3664 lectiones
1434 3575 1618 3694 (st575).
1679 3581 2045 3711 Orthographiae

369 3764 615 3868 praeterea,
634 3741 687 3828 in
712 3738 833 3828 notis
859 3737 1127 3827 Tironianis
1150 3733 1334 3842 obviae,
1366 3739 1603 3863 singadaris
1624 3749 1738 3835 ratio
1764 3757 1956 3846 omnino
1981 3762 2046 3852 di.

370 3943 460 4036 gna
491 3907 744 4011 videbitur,
775 3933 890 4024 quae
918 3899 1180 4024 diligentins
1210 3907 1492 4020 examinetur
1523 3909 1579 4026 (ft
1600 3911 1696 4022 576.
1715 3918 1836 4034 serp).
1904 3927 1954 4012 N
1957 3949 2046 4019 ota,

368 4104 562 4194 rumque
586 4072 794 4160 subtilior
820 4067 1050 4190 cognitio,
1078 4099 1246 4158 novam
1278 4089 1411 4192 atque
1442 4075 1666 4197 evulgari
1696 4109 1879 4198 prorsus
1901 4087 2045 4184 diver-

369 4275 462 4336 sam
480 4243 602 4328 viam
629 4240 821 4357 aperibit
845 4234 902 4325 ad
921 4237 1248 4328 vocabulorum
1269 4259 1416 4357 etyma
1437 4238 1696 4364 indaganda
1723 4251 1777 4368 (li.
1802 4254 1896 4373 577.
1920 4265 2044 4381 seq).

366 4409 633 4502 Uberrimos
658 4401 858 4525 denique
881 4405 1052 4493 fructus
1077 4433 1134 4492 ex
1156 4432 1308 4494 earum
1333 4405 1481 4496 studio
1499 4411 1756 4532 percipient
1787 4421 1869 4505 arti
1899 4421 2044 4545 diplo.

368 4577 554 4669 maticae
571 4569 734 4677 dediti,
764 4590 1003 4692 propterea
1029 4569 1155 4693 quod
1182 4573 1234 4682 in
1265 4573 1429 4666 chartis
1459 4607 1619 4698 regum
1653 4585 1927 4676 Francorum
1954 4598 2047 4712 pri·
