4722 5868
1039 581 1324 670 ...254-

250 851 254 860 »
342 825 465 886 mera
485 797 672 886 forsitan
696 793 953 904 conjectura
974 793 1061 882 fuit
1078 794 1284 901 alicujus,
1317 789 1396 911 qui
1425 785 1548 908 quod
1575 787 1699 907 apud
1720 791 2010 884 Plutarchum

342 957 529 1078 legerat,
564 955 834 1046 Ciceronem
864 955 1068 1046 Catonis
1084 963 1353 1048 orationem
1381 962 1512 1046 notis
1536 958 1815 1076 excipiendi
1835 965 2012 1086 gratia

342 1118 715 1250 tachygraplzos
746 1116 1046 1232 adhibuisse,
1074 1129 1127 1216 in
1153 1125 1390 1219 Ciceronis
1416 1125 1649 1234 libertum,
1680 1125 1906 1216 Tironem
1932 1158 2013 1218 no-

340 1287 547 1374 minatim
579 1285 777 1378 detorsit.
958 1259 963 1268 ¹

456 1458 495 1572 ᾗ.
527 1482 594 1568 27.
651 1452 901 1554 Audiamus
930 1485 1079 1561 nunc,
1109 1459 1269 1578 quiin
1301 1453 1493 1545 eandem
1518 1453 1787 1546 seutentiam
1812 1454 2013 1572 scripsit,

341 1617 568 1708 Isidorum
592 1619 911 1736 Hispalensem
946 1623 1105 1744 (Orig.
1133 1627 1191 1714 L.
1217 1627 1250 1712 Ι.
1286 1622 1337 1712 C.
1359 1648 1425 1708 21.
1460 1619 1670 1710 Gothofr.
1701 1619 1798 1710 856.
1827 1622 1922 1709 sive
1957 1623 2011 1708 in

343 1782 516 1901 optima
549 1780 686 1893 ejusd.
714 1815 838 1900 oper.
864 1785 1066 1876 editione
1087 1790 1280 1880 Arevali.
1303 1790 1380 1874 ΙΙΙ.
1413 1785 1517 1896 56).
1571 1783 1628 1874 V
1620 1780 1813 1908 algares
1847 1793 2012 1890 notas,

341 1949 515 2066 inquit,
554 1948 746 2040 Ennius
771 1956 961 2073 primns
993 1953 1159 2064 mille,
1198 1967 1249 2045 eb
1275 1965 1463 2046 centnm
1496 1956 1694 2042 invenit.
1774 1950 2013 2042 Natarum

342 2145 453 2206 usas
472 2130 603 2223 erat,
631 2130 688 2206 nt
713 2118 962 2244 csnidqnid
973 2152 1066 2238 pro
1093 2125 1318 2211 concione
1345 2122 1514 2208 autin
1534 2117 1741 2238 judiciis
1761 2118 2014 2230 diceretur,

342 2277 543 2374 librarii
573 2279 833 2372 scriberent
863 2280 1124 2396 complures
1155 2279 1302 2371 simul
1326 2291 1571 2386 astantes,
1610 2280 1780 2372 divisis
1808 2287 2015 2376 interce

339 2439 594 2568 partibza,
624 2455 740 2570 quot
777 2447 973 2570 pnisqne
1001 2435 1174 2550 cerba,
1203 2453 1252 2529 et
1282 2470 1374 2567 qao
1406 2440 1575 2530 ordine
1602 2445 1853 2559 exciperet.
1922 2447 2012 2537 Ro.

343 2646 450 2706 mae
467 2620 656 2739 primns
687 2609 871 2702 Bellias
894 2610 1137 2706 Ciceronis
1159 2603 1360 2698 libertus
1383 2617 1727 2702 commentatus
1746 2617 1819 2694 est
1847 2618 2014 2719 notas,
2181 2677 2182 2680 .

342 2782 431 2874 sed
464 2775 680 2868 tantrrne'
692 2779 1120 2894 praepositionum.
1177 2771 1288 2864 Pon
1315 2803 1420 2860 eane
1453 2771 1509 2865 V
1502 2775 1801 2890 ispasianns,
1831 2772 2014 2872 Philan

345 2955 457 3077 gine
483 2959 532 3035 et
557 2940 742 3071 Aquila
773 2933 973 3034 libertas
1004 2939 1317 3031 Mecaenatis
1350 2937 1505 3046 alins,
1534 2935 1666 3060 alias
1694 2939 2018 3036 addiderunt.

344 3109 538 3208 Deinde
562 3108 759 3215 Seneca,
778 3117 1026 3196 contracto
1044 3107 1256 3199 omniurn
1272 3104 1553 3231 digestoque
1575 3115 1625 3192 et
1644 3116 1788 3194 aneto
1803 3139 2012 3220 numere,

344 3307 464 3404 opas
491 3271 655 3397 effecit
682 3280 736 3364 in
763 3278 974 3402 quinque
1003 3269 1176 3363 millia.
1257 3273 1416 3366 Notae
1452 3283 1615 3362 antem
1648 3269 1837 3381 dictae,
1879 3275 2019 3400 qnod

345 3439 496 3537 verba
514 3439 595 3534 vel
611 3434 833 3570 syllabas
849 3433 1090 3558 praefixis
1108 3433 1468 3532 characteribus
1487 3454 1690 3550 notant,
1718 3455 1768 3532 et
1795 3444 1871 3534 ad
1891 3452 2014 3539 noti.

345 3618 473 3704 tiam
502 3608 763 3735 legentium
795 3616 1047 3715 revocant,
1087 3634 1208 3732 qaas
1225 3587 1322 3737 ¹qai
1347 3609 1650 3718 didicerant,
1684 3617 1886 3732 proprie
1897 3617 2015 3740 jam

347 3781 536 3870 notarii
564 3774 895 3901 appellantur.

461 3948 501 4065 ᾗ.
531 3947 599 4039 28.
657 3947 805 4057 Hujus
829 3947 921 4034 loci
938 3948 1141 4064 quamvis
1160 3940 1325 4030 multae
1341 3943 1431 4032 sint
1451 3936 1850 4062 interpretationes
1858 3948 2017 4071 (Lips.·

349 4101 481 4212 Cent.
491 4119 525 4206 I.
546 4116 603 4206 ad
617 4119 743 4240 Belg.
763 4118 890 4236 epist.
901 4143 968 4233 27.
1000 4114 1090 4236 Op.
1110 4119 1147 4204 l.-
1170 4147 1267 4208 201.
1324 4119 1435 4208 item
1467 4121 1518 4204 in
1545 4117 1729 4205 Gruteri
1747 4117 1858 4210 thes.
1879 4121 2012 4214 inser.

202 4289 212 4312 '
349 4285 509 4378 Crenii
530 4283 642 4371 anal.
665 4314 756 4403 190.
786 4283 970 4372 Nicolai
990 4279 1048 4371 de
1070 4285 1166 4406 sigl.
1185 4302 1272 4375 vet.
1293 4313 1338 4401 p.
1358 4282 1420 4371 15.
1458 4283 1579 4371 Nor.
1596 4313 1670 4401 op.
1690 4281 1799 4403 dipl.
1819 4287 1895 4372 ΙΠ.
1913 4283 2015 4398 564,·

229 4499 233 4508 ’
348 4425 568 4572 Lennep⁸
588 4447 645 4540 de
681 4450 858 4537 Tirone
882 4447 1093 4538 Ciceron.
1112 4449 1274 4538 liberto
1303 4481 1349 4571 p.
1372 4479 1439 4561 70.
1482 4449 1644 4541 Areval
1671 4451 1723 4537 in
1753 4446 2017 4578 oper.Isid.·

349 4617 408 4706 T.
425 4615 501 4707 111.
520 4645 566 4736 p.
576 4613 686 4731 57),
715 4613 838 4708 nulla
855 4632 1009 4706 tamen
1033 4645 1186 4708 earum
1206 4619 1308 4711 satis
1324 4619 1482 4739 placet.
1527 4621 1640 4714 Non
1659 4619 1781 4711 enim
1798 4614 2013 4712 siderant
