4722 5868
1094 523 1376 614 ...ιδ-1

398 759 579 860 partum
609 737 686 840 sit,
717 756 886 826 veteres
911 735 1123 828 omnibus
1139 737 1242 826 'fere
1266 735 1441 828 occulte
1464 733 1694 825 scribendi
1733 737 1976 860 generibus
2006 770 2067 833 su.

398 907 452 993 tis
472 907 608 996 fuisse
633 904 844 992 imbutos.

509 1078 549 1195 d.
580 1102 647 1190 ra.
705 1073 835 1194 Quae
868 1055 977 1164 vero
1007 1070 1190 1162 tandem
1221 1069 1347 1160 hisce
1383 1038 1505 1162 notis
1540 1093 1715 1165 exarata
1744 1080 2069 1197 reperiuntur?

397 1242 610 1360 Inprimis
634 1239 740 1326 libri
763 1239 1078 1357 manuscripti,
1109 1237 1274 1358 quibus
1310 1241 1603 1330 continentur
1631 1243 1812 1360 psalmi,
1843 1275 2070 1336 commen-

396 1408 588 1494 tationes
607 1401 664 1492 de
683 1407 826 1509 astris,
845 1407 920 1493 lex
939 1406 1100 1510 Salica,
1123 1405 1382 1523 capitularia
1398 1437 1557 1527 regum
1576 1409 1852 1496 Francorum
1874 1412 1929 1528 (d.
1944 1413 2069 1526 327),-

400 1589 493 1682 cet,
536 1569 813 1684 Huiusmodi
836 1601 904 1659 res
931 1567 1109 1660 celandi
1127 1573 1316 1660 consilio
1336 1576 1519 1691 scriptas
1549 1573 1709 1677 fuisse,
1740 1603 1766 1660 a
1793 1571 1884 1662 fide
1907 1575 2067 1663 abhor.

396 1756 483 1840 ret,
514 1767 564 1824 ac
585 1767 644 1824 ne
671 1736 858 1856 cogitari
879 1733 1065 1855 quidem
1085 1757 1248 1855 potest·
1304 1738 1486 1828 Scholia
1510 1758 1738 1857 praeterea
1766 1741 1860 1828 sive
1885 1759 2067 1829 anneta.

398 1905 547 1992 tiones
571 1903 861 2024 marginales,
891 1902 1011 1988 notis
1037 1921 1258 2006 exaratae,
1287 1931 1387 1988 non
1415 1902 1583 2015 majora
1613 1905 1976 2023 complecttmtur
2004 1933 2068 1992 ar-

400 2099 510 2156 cana
542 2073 599 2182 (v.
618 2067 956 2158 Benedictinor.
975 2095 1081 2179 nov.
1103 2097 1178 2184 op.
1203 2063 1312 2182 dipl.
1332 2065 1389 2150 T.
1410 2066 1487 2152 Ill.
1504 2096 1550 2183 p.
1567 2067 1664 2179 614.
1686 2069 1726 2185 d.
1747 2069 1855 2177 XL).
1922 2069 2068 2158 Deni.

368 2263 489 2354 ·que
529 2237 580 2318 in
609 2232 931 2350 diplomatibus
970 2249 1122 2316 notata
1156 2247 1261 2316 sunt
1294 2227 1516 2347 quaedam
1558 2205 1682 2316 hisce
1725 2227 2066 2322 characteribus.

401 2401 515 2490 Non
534 2419 701 2486 temere
725 2394 851 2498 dico,
876 2396 931 2478 in
952 2389 1285 2509 diplomatibus.
1315 2393 1454 2480 Nam
1471 2393 1677 2511 profecto
1700 2391 2066 2480 errantGatterer

400 2567 476 2683 (in
508 2564 634 2652 elem.
661 2581 749 2650 art..
769 2557 877 2677 dipl.
912 2589 958 2676 p.
982 2557 1048 2672 76.
1088 2557 1128 2674 d.
1150 2553 1241 2664 68.)
1276 2555 1628 2646 schoenemann
1676 2563 1877 2675 (system
1902 2559 1936 2644 I.
1953 2555 2066 2677 596)

337 2685 343 2698 .
399 2727 629 2822 Schmidt·
647 2721 912 2814 Phiseldeck
950 2723 1165 2835 (institut.
1183 2753 1228 2840 p.
1243 2717 1310 2809 55.
1333 2720 1502 2838 aba),
1542 2724 1633 2842 qui·
1655 2725 1831 2844 integra
1862 2719 1934 2812 his
1966 2749 2067 2811 exa·

400 2919 491 2986 rata
514 2894 634 2982 notis
659 2888 904 3006 diplomata
932 2907 1103 2976 exstare
1131 2883 1301 2974 dicunt.
1366 2879 1442 2976 Ne
1466 2888 1660 3006 primam
1687 2883 1875 3006 quidem
1906 2915 2066 2976 eorum

390 3060 787 3152 'adumbrationem
834 3053 1006 3173 (vulgo
1059 3053 1265 3158 Minuta,
1323 3050 1562 3170 Concept3
1622 3051 1759 3138 Gallis
1802 3051 2068 3164 Brouillon)

396 3225 686 3321 maritumis
718 3219 985 3311 Tironianis
1014 3220 1224 3337 scriptam
1260 3219 1458 3337 reperies
1493 3219 1566 3336 (d.
1583 3215 1708 3328 187),
1738 3215 1881 3304 multo
1910 3217 2066 3306 minus

399 3369 708 3519 autographa,
758 3415 954 3508 quorum
987 3413 1093 3473 suaa
1123 3375 1340 3505 quodque
1379 3385 1531 3472 aetatis
1560 3385 1707 3472 literas
1741 3413 1849 3502 prae
1887 3411 1934 3472 se
1965 3383 2069 3472 fert·

396 3557 824 3657 Animadversiones
840 3581 949 3642 vero
972 3547 1207 3671 quasdam,
1237 3553 1356 3640 notis
1377 3552 1584 3669 scriptas,
1615 3552 1667 3636 in
1687 3548 1976 3671 autographis
2000 3545 2065 3636 dt.

398 3737 648 3855 plumatum
668 3742 773 3844 post
794 3719 1076 3810 sanctionem
1094 3717 1150 3804 iis
1172 3712 1388 3819 additam,
1418 3715 1681 3835 praesertim
1710 3714 1761 3799 in
1782 3712 2065 3800 notariorum

291 4003 301 4018 ⁶
396 3899 559 4020 signis,
587 3915 936 4006 nonnumquam
960 3883 1184 4001 conspici,
1215 3913 1353 3970 nemo
1375 3883 1461 3971 ibit
1482 3880 1666 3978 inficias.
1726 3873 1818 3964 Sed
1841 3872 1960 3962 nihil
1991 3906 2064 3967 oca

399 4063 566 4154 cultatu
583 4057 775 4179 dignum
800 4085 870 4144 eas
894 4053 1151 4156 continere,
1179 4068 1360 4167 peracta
1383 4077 1536 4136 earum
1556 4039 1858 4160 explicatione
1892 4035 2068 4158 (§.385.·

398 4229 537 4352 seq.),
567 4221 625 4312 ad
642 4253 788 4310 unum
805 4249 963 4311 omnes
977 4218 1066 4308 sibi
1082 4247 1346 4338 persuasum
1365 4213 1609 4301 habebunt.
1666 4201 1934 4294 Ridiculum
1954 4234 2064 4322 quos

399 4429 489 4521 que
523 4398 659 4498 foret,
688 4390 727 4480 si
743 4390 844 4507 quis
867 4388 1170 4487 arbitraretur,
1201 4374 1378 4470 celandi
1406 4377 1648 4470 consilium
1672 4371 1883 4461 habuisse
1909 4393 2066 4488 querna

400 4563 504 4660 dam
524 4563 576 4657 in
600 4558 749 4682 prima
767 4553 922 4676 scripti
943 4546 1305 4656 adumbratione,
1332 4521 1459 4662 cujus
1479 4537 1809 4666 autographum
1826 4533 1880 4626 in
1898 4533 2064 4660 vulgus
