4744 5960
939 636 1253 727 -505-

252 850 331 914 Vnt
337 849 359 932 ,‘
371 847 466 932 hujus
489 856 582 911 notro
605 847 699 936 origo
722 849 793 916 226.
1117 853 1336 918 Vulcanius
1358 859 1508 916 notorum
1528 852 1646 920 Tiron.
1669 861 1842 946 specimina
1863 864 1931 928 rul-

253 957 459 1022 Vooohuln
479 957 512 1020 in
527 954 723 1020 collectione
739 964 888 1018 notarum
901 963 971 1017 tum
986 973 1062 1016 voro
1160 959 1246 1045 gavit
1266 965 1325 1040 53,
1350 962 1419 1026 148.

293 1066 436 1129 Romano
451 1069 502 1132 36.
526 1075 594 1129 tum
611 1065 766 1152 sequioris
784 1065 854 1127 novi
874 1067 926 1129 14.
1121 1067 1374 1130 Woltherius
1391 1076 1480 1130 notos
1500 1067 1617 1130 Tiron.
1631 1091 1698 1133 osse
1711 1073 1876 1141 nrbitrnrio
1894 1081 1933 1143 si·

251 1173 418 1240 Vocflloo
446 1171 627 1260 compendii
648 1193 744 1234 cnusn
769 1173 902 1235 omissno
927 1173 997 1238 186.
1028 1169 1063 1231 in
1161 1176 1409 1261 gnnputnt19·

293 1283 376 1347 notis
407 1281 522 1344 Tiron.
556 1301 655 1343 nexus
690 1301 785 1344 99999
811 1289 951 1342 retentae
986 1279 1061 1357 186,
1120 1279 1165 1360 X,
1187 1281 1318 1364 ponitur
1335 1303 1394 1366 pro
1412 1279 1438 1342 C
1456 1281 1528 1361 267,
1556 1303 1617 1367 pro
1643 1282 1753 1350 8270.
1775 1297 1806 1351 et
1827 1290 1848 1353 S
1866 1315 1928 1376 pro

294 1395 364 1457 187.
1159 1387 1189 1449 X
1206 1391 1277 1455 271.
1300 1387 1498 1475 superfluum
1515 1387 1544 1448 oi
1557 1387 1684 1451 additur
1702 1389 1722 1453 S
1739 1395 1811 1458 271.
1836 1393 1931 1459 Tiro.

253 1499 329 1568 Vos
343 1501 401 1564 sii¹
427 1498 505 1564 19199
534 1500 572 1562 do
595 1499 678 1562 notis
702 1496 775 1562 Tir.
794 1498 905 1585 opinio
930 1501 987 1582 47,
1008 1501 1061 1580 49,
1161 1494 1256 1557 niano
1277 1495 1373 1580 hujus
1391 1493 1501 1557 literne
1517 1493 1620 1558 formu
1640 1499 1708 1563 119.
1738 1497 1807 1560 solo
1826 1506 1931 1564 torini-

297 1621 348 1684 50,
1159 1605 1296 1669 notionis
1320 1604 1392 1669 loco
1419 1605 1449 1667 X
1479 1605 1641 1670 interdum
1667 1608 1827 1672 indicatur
1853 1614 1927 1693 241,

255 1723 325 1801 Vr,
350 1719 444 1803 hujus
467 1727 560 1780 notno
578 1715 677 1802 ,origo
698 1717 773 1784 226.
1160 1716 1231 1777 242.
1257 1711 1446 1798 quandoque
1468 1711 1537 1776 solo
1558 1725 1678 1800 puncto
1700 1721 1772 1782 213.

253 1829 322 1910 Vs,
350 1826 539 1914 compendio
569 1821 730 1886 scribendi
754 1830 898 1885 notatum
921 1825 994 1889 218.
1029 1823 1063 1885 in
1120 1818 1181 1906 Xy
1198 1818 1234 1880 in
1256 1819 1337 1880 notis
1358 1818 1508 1902 Graecis,
1531 1819 1599 1906 ojus
1622 1821 1657 1884 in
1674 1820 1930 1910 formaminqui·

295 1931 477 2018 compositis
501 1929 595 2006 otium
616 1929 698 1993 notis
720 1933 792 1996 227.
1161 1925 1243 1988 ritur
1265 1925 1343 2004 459,
1367 1930 1436 1992 472.

253 2039 361 2106 Usus
383 2038 555 2128 frequens,
591 2035 941 2118 Vid.Enunoiotio,
963 2035 1062 2100 For·
1122 2032 1157 2114 Y,
1178 2054 1239 2119 pro
1265 2054 1304 2094 eo
1328 2032 1460 2118 ponitur
1482 2034 1714 2122 vvelttrl,
1735 2045 1807 2110 272.
1829 2041 1927 2107 Tiro·

295 2148 410 2216 muln,
1159 2139 1254 2200 niano
1270 2138 1365 2224 hujus
1383 2137 1490 2203 literne
1509 2139 1632 2225 formu,
1655 2147 1716 2211 vid.
1735 2149 1870 2214 Proefnt.
1889 2149 1928 2217 ad

252 2258 315 2336 vt,
340 2255 433 2340 hujus
456 2265 550 2318 notae
571 2254 665 2341 origo
684 2255 759 2320 225.
1160 2249 1241 2318 Lex.
1259 2247 1330 2310 Tir.
1375 2248 1411 2310 In
1439 2251 1522 2313 notis
1547 2251 1674 2316 Graecis
1682 2300 1693 2334 ,
1715 2257 1783 2340 ejus
1805 2258 1840 2320 in
1861 2257 1925 2322 for-

253 2363 418 2430 Vtilitns
427 2408 437 2442 ,
452 2372 556 2450 'quom
579 2361 673 2425 hohot
690 2363 829 2449 cognitio
846 2373 994 2428 notarum
1007 2363 1062 2426 Ti·
1158 2382 1243 2421 mom
1264 2356 1437 2445 inquiritur
1459 2360 1539 2437 461,
1564 2361 1634 2425 472.

293 2497 365 2540 ron.
387 2475 459 2540 291.
482 2493 581 2558 noque
603 2495 639 2536 no
657 2471 864 2554 Graecorum,
886 2473 1062 2538 ostenditur
1117 2467 1145 2528 Z
1166 2489 1227 2554 pro
1249 2466 1272 2530 S
1293 2465 1424 2553 ponitur
1442 2469 1517 2534 270.
1538 2463 1717 2531 Tironiana
1736 2467 1845 2536 literne
1859 2460 1924 2536 fo'r·

166 2637 168 2640 -
296 2587 366 2652 478.
431 2605 437 2623 “
1022 2578 1026 2585 ’
1158 2599 1210 2638 mn
1232 2578 1301 2640 121.

251 2691 482 2764 Vuinorndi
509 2687 687 2756 999999119τί1
715 2689 845 2780 signum
869 2688 1059 2778 recognitio·
1118 2689 1218 2752 Zeta
1238 2687 1273 2748 in
1296 2686 1379 2749 notis
1397 2685 1548 2770 Graecis,
1576 2689 1646 2776 ejus
1663 2687 1700 2753 in
1717 2686 1855 2754 formum
1876 2690 1925 2754 in·

294 2805 344 2870 ..9
367 2807 439 2874 995.
1158 2793 1295 2883 quiritur
1317 2795 1395 2876 457,
1420 2798 1491 2865 uo.

941 3138 1026 3224 ft&
1056 3148 1076 3214 ssj-
1101 3185 1107 3198 ·
1166 3151 1250 3234 '1516

970 3328 1206 3354 ..ι-...-
