4744 5960
1133 509 1440 636 ...458-

463 731 597 842 hujus
614 725 763 818 literae
780 753 878 814 crus
895 723 987 810 sive
1009 717 1216 814 dextrum
1233 719 1458 830 (Froelic'h
1476 718 1603 818 notit‘
1621 719 1749 816 elem.
1762 723 1972 816 numism.
1996 727 2048 818 C.
2058 734 2120 838 2),

358 935 364 950 ’
464 896 561 992 sive
596 891 818 980 sinistrum
851 889 1000 992 (Murr
1026 883 1083 977 de
1108 917 1264 1004 papyr.
1281 887 1524 984 Herculan,
1551 887 1667 982 Tab.
1680 889 1736 981 Π,
1760 890 1933 979 lamella
1957 919 2057 981 aen.
2075 911 2124 982 ct

471 1054 715 1178 inscriptio,
745 1053 850 1142 Jem.
869 1048 1031 1168 ,Stuard
1049 1049 1127 1140 the
1147 1051 1320 1168 antiqu,
1338 1051 1391 1138 of
1404 1049 1579 1149 Athens
1593 1054 1649 1148 V,
1664 1083 1728 1150 ιιι,
1749 1085 1795 1182 p,
1805 1053 1880 1165 57)
1900 1052 2123 1144 contrahi.

460 1244 549 1344 tur.
621 1218 726 1336 Quo
757 1216 1037 1332 factumest,
1076 1237 1127 1306 ut
1154 1216 1358 1336 Cypseli,
1377 1212 1510 1335 'regis
1535 1213 1770 1323 corinun,
1811 1189 1971 1324 mater,
2005 1250 2123 1339 quae

464 1404 557 1479 uno
580 1380 697 1500 pede
716 1377 1003 1492 claudicabat,
1026 1375 1222 1492 ,λάμβδα
1240 1397 1476 1478 vocaretur
1487 1381 1713 1489 (Reinesii
1729 1382 1884 1475 vatiar.
1898 1383 1996 1473 leot.
2016 1385 2073 1475 L.
2083 1385 2118 1474 I.

465 1545 759 1669 Οᾳμω,

610 1789 695 1885 llll.
752 1790 877 1878 Sicut
908 1818 965 1878 ex
992 1791 1039 1882 Μ
1064 1787 1261 1904 capitali,
1297 1808 1491 1908 utroque
1521 1787 1691 1904 ,angulo
1727 1781 1990 1889 rotundam,
2030 1788 2121 1874 Ro-

464 1985 701 2060 manorum
742 1959 822 2046 (ss
856 1953 1033 2039 unciale
1063 1947 1227 2066 fluxit3
1272 1949 1357 2054 sic,
1401 1951 1536 2037 altero
1561 1967 1736 2046 tantum
1759 1947 2027 2054 rotundato,
2066 1990 2116 2042 Μ

468 2121 739 2208 Graecorum
763 2113 1191 2235 tachygraphorum;
1222 2141 1279 2205 ex
1307 2093 1410 2242 ,quo
1431 2112 1635 2227 tandem,
1672 2110 1799 2248 quod
1831 2145 1955 2204 nuuc
1987 2118 2120 2204 etiam

467 2287 619 2376 tritum
649 2302 735 2392 est,
760 2313 801 2404 pn
830 2279 995 2374 exstitit
1022 2278 1262 2376 minutum,

610 2519 690 2616 Νϋ.
745 2523 892 2634 Hujus
910 2521 1064 2610 'literae
1081 2513 1413 2612 vicissitudines
1435 2545 1492 2604 ex
1521 2515 1698 2632 capitali
1720 2518 1864 2608 forma
1890 2521 1977 2610 hae
1996 2545 2124 2618 sunt:

467 2692 515 2781 N
542 2711 617 2796 ,a
649 2701 698 2786 vl
717 2704 802 2798 ῃ.
873 2685 1042 2773 Ultima
1070 2685 1211 2816 figura
1238 2701 1304 2778 est
1335 2685 1387 2772 in
1418 2683 1600 2782 Graecis
1626 2684 1765 2776 literis
1795 2686 1971 2779 chartae
2001 2724 2123 2783 anno

468 2855 698 2948 DLXXV
728 2867 926 2938 exaratae
957 2849 1147 2957 (Marini
1163 2879 1266 2968 pap.
1288 2846 1397 2976 dipl.
1413 2846 1535 2946 ‚Tab,
1551 2850 1637 2960 V),
1664 2850 1944 2972 aliarumque
1971 2888 2029 2946 ex
2053 2889 2125 2948 eo.

468 3019 575 3116 dem
602 3016 777 3108 saeculo
806 3033 937 3108 sexto
967 3010 1106 3136 (ibid.
1135 3014 1184 3108 T
1187 3012 1255 3110 ab,
1276 3014 1375 3110 ΧΠ,
1402 3043 1529 3134 11.90,
1557 3016 1725 3112 XVIII.
1748 3022 1936 3133 11.121);
1974 3052 2125 3142 neque

470 3204 580 3289 erat,
608 3215 688 3271 cur
711 3181 932 3276 Latinum
960 3211 993 3268 11
1018 3179 1306 3272 ¹substitueret
1333 3178 1527 3292 Marini,
1554 3182 1762 3301 antiquas
1784 3182 1931 3306 literas
1957 3186 2008 3274 in
2033 3189 2127 3275 vul*

333 3333 336 3340 ⁴
467 3379 593 3478 geres
620 3367 809 3444 vertens,
876 3344 1127 3440 Penultima
1150 3343 1295 3464 figura
1323 3342 1376 3429 in
1400 3342 1811 3468 tachygraphorum
1833 3348 1974 3455 notis,
2010 3369 2127 3439 ante·

469 3514 722 3639 penultima
736 3513 788 3598 in
803 3507 955 3601 charta
975 3508 1248 3627 Aegyptiace
1264 3508 1451 3620 (Schow
1471 3509 1587 3604 Tab,
1600 3510 1641 3617 Ι)
1665 3510 1963 3627 conspicitur,
1993 3531 2126 3634 atque

471 3684 592 3775 hanc
633 3671 807 3792 acce'pit
841 3674 1051 3798 formam,
1098 3702 1192 3795 quo
1229 3671 1401 3770 facilius
1433 3671 1573 3768 literis
1614 3671 1777 3764 vicinis
1805 3673 1936 3794 jungi
1962 3698 2134 3794 posset..

471 3843 686 3946 Causam,
717 3840 865 3928 curin
884 3838 1003 3925 notis
1023 3855 1194 3954 puncto
1211 3837 1476 3966 plerumque
1497 3841 1724 3935 notata-sit
1744 3838 1855 3931 haec
1873 3839 2020 3948 litera,
2049 3845 2128 3934 vix

475 4008 701 4110 invenies,
729 4006 819 4093 nisi
845 4003 894 4092 id
916 4005 1083 4094 factum
1112 4030 1205 4100 esse
1229 4001 1451 4104 statueris,
1488 4023 1540 4098 ut
1569 4033 1594 4096 a
1623 4028 1658 4094 π
1685 4003 1859 4096 facilius
1884 4004 2128 4126 distingue.

477 4189 609 4258 retur.
686 4174 869 4262 Etenim
902 4170 988 4287 (pl.
1005 4167 1072 4260 58.
1090 4135 1168 4275 xb.)
1202 4167 1250 4280 iq
1282 4207 1340 4238 ==
1367 4193 1444 4274 tte,
1474 4170 1512 4259 si
1537 4190 1758 4288 punctum
1785 4173 1976 4277 abesset,
2013 4173 2129 4266 forte

402 4367 408 4376 ·
476 4341 699 4460 legeretur
754 4351 795 4442 7
833 4382 899 4426 ει,
932 4365 1004 4428 πε.
1073 4337 1285 4426 Ceterum
1305 4336 1660 4456 antiquissimam
1691 4367 1783 4430 csse
1809 4337 1944 4450 hujus
1976 4340 2128 4430 literae

480 4505 669 4622 figuram
701 4501 793 4612 VX,
823 4507 1056 4625 inscriptio
1088 4505 1220 4596 docet
1248 4503 1390 4622 Sigea.
