4744 5960
935 653 1128 768 ..433
1186 700 1245 719 ..

241 883 436 1004 potuit:
466 893 511 965 et
536 871 644 964 ideo
671 899 770 960 non
803 872 971 977 refero,
1000 899 1060 957 ne
1082 864 1201 957 aliis
1223 861 1383 994 verbis
1408 895 1604 996 ponam,
1631 879 1755 997 quae
1778 873 1832 964 ab
1858 875 1942 970 illo

249 1044 392 1132 dieta
417 1039 558 1130 sunt”
615 1035 701 1124 Vel
716 1003 835 1152 ¹ipsa
862 1034 1001 1154 igitur
1022 1051 1250 1124 oratorum
1271 1033 1408 1122 verba
1428 1032 1606 1122 veloces
1630 1039 1841 1157 excipere
1865 1041 1939 1136 de·

249 1207 416 1297 bebant
443 1204 620 1292 notarii.

357 1379 460 1498 Pag.
496 1371 566 1489 45.
635 1354 818 1460 Graecis
853 1367 1149 1493 tachygraphi
1180 1364 1341 1471 iidem,
1400 1367 1480 1486 qui
1510 1365 1690 1458 Latinis
1731 1376 1933 1500 notarii]

126 1640 141 1660 ,
244 1549 565 1675 Ταχυγράφος
594 1551 830 1661 βασιλικὸς
862 1553 917 1642 ἐκ
948 1552 1007 1642 τὲ
1045 1543 1290 1665 τάγματος
1320 1546 1426 1661 ,τάν
1476 1552 1758 1660 καλεομένων
1782 1567 1936 1674 ζνοτα-

246 1731 352 1847 ρίαν
380 1732 396 1841 (
423 1729 670 1818 Sozomeni
693 1709 793 1815 hist.
814 1729 921 1817 eccl.
946 1731 1018 1818 lv.
1047 1758 1108 1815 10.
1131 1755 1175 1843 p.
1199 1722 1321 1831 550).
1378 1724 1516 1843 Apud
1540 1748 1774 1850 utramque
1802 1737 1936 1826 etiam

247 1899 429 2002 gentem
458 1877 603 1964 simile
632 1879 752 1965 inter
785 1879 1116 2002 tachygraphos
1156 1896 1200 1964 et
1233 1877 1528 1998 calligraphos
1558 1882 1753 1998 reperias
1786 1881 1936 1974 discri-

247 2063 367 2122 men.
440 2025 717 2119 lustinianus
745 2033 858 2150 Imp.
885 2033 1030 2142 (Nor.
1049 2047 1120 2144 42:
1143 2031 1191 2140 r)
1228 2031 1509 2119 mentionem
1540 2033 1646 2121 lacit
1677 2052 1721 2122 et
1746 2037 1840 2128 τάν
1871 2033 1935 2148 ἐις

245 2201 440 2317 κάλλος,
465 2221 509 2288 et
548 2202 644 2292 τῶν
674 2203 738 2309 ea
768 2197 926 2320 τάχος
956 2197 1233 2322 γραφόντων
1263 2200 1523 2323 (Guadagni
1545 2202 1602 2292 de
1626 2205 1819 2295 Florent.
1838 2191 1937 2300 cod.

245 2397 290 2490 p.
310 2371 403 2481 21).
482 2333 774 2458 Philestratus
812 2368 1050 2488 (Apollon.
1079 2373 1230 2484 L.1):
1270 2378 1497 2482 ἐξέλαυνε
1532 2373 1615 2492 τῆς
1641 2373 1937 2494 Ἀντιοχείας

245 2530 373 2644 μετά
402 2536 519 2624 δυοῖν
548 2527 796 2655 θεράποιν,
832 2536 976 2658 ὁρῆν
1007 2541 1055 2645 ἐς
1088 2541 1245 2665 τάχος
1278 2545 1497 2668 γράφων,
1532 2545 1554 2636 ὁ
1586 2545 1633 2635 δὲ
1660 2545 1709 2650 ἐς
1739 2542 1933 2654 κάλλος.

244 2719 469 2810 Eusebius
496 2715 621 2831 (hist.
648 2717 752 2808 eccl.
783 2719 824 2817 6.
849 2721 928 2832 21)
955 2716 1296 2847 ααχυγράφους
1328 2743 1371 2812 et
1402 2713 1758 2837 βιβλιογράφους
1788 2717 1937 2858 appel-

243 2893 328 2998 lat,
360 2894 440 3011 qui
469 2889 635 2978 notarii
665 2909 711 2984 ‚et
744 2889 916 2977 librarii
937 2895 1105 2980 Latine
1131 2890 1343 2980 dicuntur
1381 2890 1430 3002 (l.
1459 2919 1493 2976 1.
1512 2886 1552 3003 ᾗ.
1571 2885 1610 2974 6.
1631 2884 1694 2972 D.
1721 2879 1778 2972 de
1799 2905 1936 2975 extra-
2080 2913 2084 2919 ·

246 3053 342 3146 ord.
377 3053 575 3177 sogum).
643 3053 734 3142 Illis
772 3055 941 3142 scilicet
975 3053 1223 3159 dictabant,
1276 3083 1390 3172 quae
1432 3050 1633 3138 celeriter
1665 3017 1936 3166 excipienda

247 3221 383 3296 erant.
442 3201 508 3289 Hi
533 3230 592 3290 ex
614 3201 735 3290 notis
762 3203 988 3326 eleganter
1015 3235 1067 3294 ea
1090 3203 1413 3296 exscribebant.
1470 3199 1653 3290 Suidas:
1683 3201 1935 3325 ὑπηγόρευε
2047 3186 2058 3202 ’

243 3388 336 3484 τοῖς
367 3365 719 3496 ταχυγράφοις,
757 3367 835 3464 καὶ
867 3371 910 3464 οἱ
934 3372 1253 3498 βιβλιογράφοι
1294 3371 1378 3466 συν
1398 3373 1590 3490 γυυαξὶν
1621 3361 1825 3494 ἔγραφον
1858 3378 1936 3469 ἐπὶ

245 3551 298 3646 τὸ
328 3549 669 3668 καλλιγραφεῒυ
709 3541 1059 3666 ἐὲγοαγαήναις.
1082 3535 1320 3660 '(Woweri
1351 3537 1598 3663 polymath·
1626 3539 1679 3628 C.
1708 3541 1749 3630 6.
1789 3572 1835 3661 p.
1864 3541 1934 3636 55.

246 3711 388 3800 Trotz
420 3699 476 3792 ad
510 3701 697 3822 Hugon.
718 3729 762 3818 p.
788 3697 878 3790 181.
902 3697 1001 3791 add.
1025 3703 1198 3821 Popma
1224 3702 1282 3792 de
1302 3700 1525 3790 different.
1547 3699 1755 3810 verbor).
1784 3700 1934 3818 Atque

245 3862 383 3954 verba
414 3858 616 3947 celeriter
647 3855 856 3973 excipere
891 3874 936 3944 et
970 3855 1128 3944 leviter
1156 3879 1313 3949 notare
1345 3859 1538 3978 Apuleio
1575 3857 1638 3972 (6.
1665 3887 1711 3975 p.
1742 3856 1834 3945 155.
1862 3856 1933 3948 ed.

245 4031 366 4148 Bip.)
398 4024 562 4115 dicitur
590 4019 907 4111 Praenotare:
936 4019 1060 4127 „sed
1090 4021 1264 4115 adstans
1297 4056 1382 4146 ego
1410 4023 1616 4114 dolebam
1641 4021 1933 4132 mehercules,

245 4188 373 4309 quod
394 4187 636 4309 pugillares
666 4204 711 4275 et
740 4185 891 4276 stilum
912 4215 1010 4273 non
1032 4184 1276 4292 habebam,
1313 4189 1393 4308 qni
1421 4205 1513 4279 tem
1538 4187 1702 4279 bellam
1727 4189 1933 4280 fabellam

241 4349 628 4476 praenotarem.”
1508 4363 1512 4372 ’
1788 4363 1792 4371 “
1974 4353 1979 4370 ’

358 4507 463 4627 Peg.
481 4501 549 4617 45.
578 4499 634 4590 In
645 4496 857 4624 judiciis
875 4499 1154 4628 plerumque
1174 4495 1544 4636 adhibebantur!
1559 4501 1785 4625 notarit]
1829 4503 1933 4594 Am-

246 4668 425 4762 mianus
458 4665 751 4762 Marcellinus
781 4669 873 4784 (14.
897 4667 975 4788 9):
1026 4669 1119 4776 „Et
1156 4663 1426 4757 adsistebant
1461 4661 1715 4766 hincinde
1753 4662 1930 4790 notarii,
