4722 5868
1150 545 1433 658 ...45...

570 757 610 878 ᾗ.
641 754 709 848 56.
723 801 743 854 ‚·
765 753 894 844 Hinc
935 750 991 843 de
1022 755 1289 876 Epiphanio
1324 750 1588 845 Ennodiusr
1639 755 1897 859 „Notamm
1936 760 1989 848 in
2024 765 2116 853 scri-

459 923 650 1034 „bendo
674 920 947 1044 compendia
967 939 1011 1010 et
1026 923 1190 1045 figuras
1205 921 1347 1009 varias
1362 920 1606 1010 verborum
1624 919 2015 1040 comprehendens
2031 928 2118 1020 bre-

456 1093 539 1200 „vi
558 1108 805 1196 assecutus,
820 1089 886 1176 ‘in
905 1097 1209 1207 exceptorwn
1232 1113 1426 1188 numero
1448 1083 1681 1176 dedicatus
1700 1085 1898 1177 enituit?
1954 1091 2119 1182 Similia

453 1233 667 1381 leguntur
693 1255 803 1370 (Act
821 1255 863 1344 S.
876 1255 920 1343 S.
943 1254 1071 1342 Febr.
1091 1255 1261 1344 XXVI.
1282 1285 1328 1342 n.
1340 1252 1430 1364 88.)
1458 1255 1512 1340 in
1536 1251 1629 1340 vita
1655 1253 1881 1360 Marcelli,
1911 1254 1992 1376 qui
2021 1259 2117 1348 Por-

437 1419 609 1542 ·phyrii
623 1421 709 1508 fuit
725 1419 999 1537 discipulus:
1019 1425 1022 1434 ’
1039 1421 1226 1523 „Frater
1245 1435 1398 1506 autem
1421 1415 1682 1522 Cornelius,
1706 1415 1952 1528 diaconus,
1981 1427 2119 1516 sciens

448 1589 616 1694 „notis
637 1585 862 1688 scribere,
886 1571 1057 1702 quibus
1082 1599 1274 1671 utuntur
1292 1581 1344 1668 in
1363 1577 1484 1694 jure,
1512 1577 1656 1692 jussus
1679 1579 1861 1672 abesto
1886 1587 2117 1709 episcopo,

447 1741 697 1862 „notabat
718 1748 910 1837 omnia.”
923 1794 982 1812 -
1009 1749 1122 1842 Item
1144 1745 1201 1836 de
1222 1747 1265 1837 S.
1278 1747 1479 1835 Genesio
1500 1747 1575 1858 (in
1595 1742 1754 1838 homil
1771 1749 1853 1838 int.
1870 1781 1944 1872 op.
1964 1754 2118 1846 stau.

446 1919 535 2010 lini
557 1948 602 2035 p.
620 1913 777 2029 1054):
833 1913 1058 2019 „Sanctus
1085 1914 1238 2030 itaque
1274 1911 1519 2016 Genesim,
1546 1911 1599 2000 in
1622 1913 1875 2048 juventutis
1895 1917 2009 2012 flore
2035 1927 2118 2043 pri.

450 2111 668 2200 „maevp,
695 2079 987 2200 provincialis
1008 2078 1195 2165 militiae
1211 2074 1487 2192 tyrocinium
1504 2080 1723 2198 suscepit,
1753 2112 1852 2172 eam
1868 2085 2011 2174 officii
2026 2118 2118 2208 par.

446 2261 573 2356 „tem
599 2239 749 2334 studio
771 2259 815 2332 et
843 2259 934 2332 arte
964 2240 1250 2361 complexus,
1280 2257 1394 2360 qnae
1416 2257 1716 2358 patronorum
1739 2247 1877 2335 verba
1899 2251 1970 2338 vel
1997 2283 2116 2342 novo

442 2415 727 2538 „signorum
748 2403 1033 2515 uelocitate,
1063 2409 1138 2497 vel
1165 2406 1413 2510 dexterae,
1441 2435 1609 2494 sonum
1634 2413 1768 2499 cocis
1796 2421 2115 2540 aequiparet?
2185 2407 2193 2412 ’

278 2565 281 2570 “
433 2585 508 2672 Ita
539 2579 673 2666 etiam
708 2569 950 2663 Anacharii
988 2574 1263 2694 singularem
1303 2570 1618 2661 dexteritatem
1666 2573 1818 2666 laudat
1848 2581 2116 2680 Rambertus

438 2739 709 2860 (Staphorst
736 2737 836 2828 hist.
857 2737 965 2828 eccl.
981 2736 1146 2825 Hamb.
1166 2736 1201 2824 I.
1228 2738 1365 2853 124),'
1383 2766 1523 2858 quem
1539 2740 1729 2849 ¹saeculo
1751 2775 1880 2832 nono
1904 2748 2116 2866 amplissi-

439 2937 543 3002 mos
572 2907 703 2996 notis
731 2904 960 3022 scripsisse
992 2901 1136 2990 libros
1163 2898 1312 2990 tradit
1370 2901 1570 2992 Minime
1594 2903 1735 3025 igitur
1765 2910 2018 2998 communis
2041 2911 2115 2998 illa

439 3099 534 3170 erat
556 3105 646 3190 ars;
665 3103 818 3194 neque
839 3071 1029 3174 mirum,
1047 3060 1174 3188 quod
1197 3063 1277 3178 (in
1296 3061 1439 3154 collat.
1448 3064 1661 3204 Carthag.
1681 3095 1717 3156 a
1732 3067 1978 3174 CCCCXI,
2003 3071 2116 3161 Gm.

432 3278 533 3370 pen
555 3240 614 3333 de
633 3243 781 3330 forma
798 3238 960 3328 confic.
976 3255 1074 3326 acta
1092 3263 1163 3352 ap.
1175 3233 1312 3322 Rom.
1333 3224 1401 3320 25.
1415 3230 1497 3343 26)
1517 3229 1761 3354 quemdam
1780 3233 1986 3322 confiteri
2007 3235 2116 3357 legi-

354 3469 357 3476 .
428 3443 559 3504 mus:
588 3408 783 3515 „Notas
809 3435 909 3493 non
938 3403 1154 3492 novimus
1170 3440 1227 3462 --
1242 3443 1322 3504 τε,
1354 3397 1406 3510 in
1432 3389 1679 3486 codicibus
1712 3397 1862 3519 legere
1891 3429 1989 3488 non
2012 3429 2115 3520 pos-

436 3606 651 3690 „sumus,
680 3573 773 3660 nisi
800 3567 944 3658 edita
968 3565 1141 3655 fuerint
1168 3585 1290 3690 gesta
1316 3568 1369 3653 in
1391 3564 1609 3686 paginis.'’
1668 3627 1672 3634 -

546 3747 586 3866 ᾗ.
614 3739 685 3858 57.
744 3737 905 3858 Usque
942 3731 1000 3822 ad
1024 3735 1223 3824 notarios
1259 3750 1304 3822 et
1332 3729 1621 3821 cancellarios
1648 3759 1810 3854 regum
1838 3735 2117 3823 Francorum

433 3916 607 4037 primae
636 3893 694 3998 ac*
713 3899 947 3998 secundae
981 3898 1131 4017 stirpis
1157 3899 1431 3990 Tironianas
1450 3915 1582 3986 notas
1612 3897 1664 3984 in
1689 3929 1776 3988 usu
1803 3899 1966 4004 irrisae,
1994 3899 2118 3992 illos·

432 4111 526 4204 que
548 4077 667 4167 hanc
684 4093 828 4165 artem
853 4065 1076 4174 tenuisse,
1104 4068 1237 4184 huius
1253 4071 1405 4159 aetatis
1428 4066 1608 4155 chartae
1638 4067 1741 4156 satis
1772 4064 1989 4186 produnt.
2037 4069 2113 4156 In·

428 4241 670 4334 cleantem
703 4268 732 4324 a
764 4230 923 4324 medio
959 4233 1136 4322 saecuto
1164 4233 1344 4326 decimo
1376 4231 1435 4324 de
1467 4261 1624 4322 earum
1652 4234 1805 4326 studio
1836 4238 1931 4326 fere
1961 4254 2116 4324 actum

381 4498 387 4504 .
426 4411 590 4514 misse,
619 4403 762 4526 paulo
784 4417 889 4486 ante
909 4396 974 4515 (ll.
985 4395 1067 4509 55)
1097 4397 1305 4493 discimus.
1362 4403 1523 4490 Postea
1549 4397 1687 4533 jacuit
1712 4405 1870 4523 plane;
1899 4395 1950 4492 id
1984 4397 2119 4522 qnod

426 4579 483 4674 iis
502 4580 704 4672 maxime
725 4587 792 4664 est
815 4565 1165 4682 observandum,
1195 4573 1276 4696 qui
1297 4587 1437 4661 artem
1461 4570 1663 4664 criticam
1681 4587 1898 4662 exercent
1919 4567 1975 4688 (ᾗ.
1994 4564 2117 4682 452).
