4826 5890
1105 555 1412 618 -102-

360 735 364 744 ¹
438 749 600 843 calami
618 744 759 834 ductu
778 741 1077 830 characterem
1096 741 1391 846 absolverent,
1409 743 1460 828 in
1476 742 1709 856 superiore
1721 739 1965 858 hemicycli
1985 765 2110 863 parte

439 916 709 1006 inchoantes
730 911 902 1000 literam
925 905 1062 994 simili
1089 909 1265 994 ratione
1284 907 1579 1008 effinxerunt,
1609 935 1699 1023 qua
1719 907 1772 994 in
1791 906 2112 1026 diplomatibus

441 1113 604 1205 regum
621 1084 895 1168 Francorum
927 1078 953 1185 9
992 1071 1253 1187 saepissime
1274 1069 1472 1158 effictum
1497 1063 1719 1156 videmus.
1774 1067 1890 1156 Inde
1915 1101 2025 1158 vero
2050 1081 2115 1162 ne'

441 1249 544 1368 quis
570 1246 685 1332 forte
714 1238 902 1340 inferat,
918 1233 1230 1322 recentiorem
1258 1231 1391 1342 hujus
1418 1233 1591 1322 formae
1622 1261 1899 1338 assensum,
1928 1263 1986 1322 en
2014 1265 2112 1324 eam

417 1403 418 1406 ¹
438 1415 584 1528 ipsam
606 1409 656 1492 in
676 1404 864 1520 antiquo
885 1397 1049 1516 lapidis
1070 1400 1204 1486 titulo
1231 1397 1399 1507 (Fuchs
1417 1395 1521 1486 hist.
1539 1398 1669 1518 Mog.
1687 1399 1723 1486 1.
1739 1396 1869 1509 206),
1899 1397 1982 1484 ubi
2005 1395 2111 1519 legi-

435 1593 508 1667 tur
543 1564 913 1686 etENTISSIS,
941 1565 973 1650 i.
989 1593 1028 1652 e.
1046 1562 1376 1652 Pt'entr'ssimis.
1433 1561 1643 1652 Secunda
1660 1564 1803 1685 figura
1832 1599 1919 1668 1..,
1950 1563 1987 1650 si
2011 1595 2110 1652 non

435 1736 637 1844 Graecae
655 1749 721 1821 est
737 1728 943 1854 originis,
959 1745 1003 1813 at
1016 1745 1135 1814 certe
1147 1756 1203 1816 ex
1218 1725 1392 1814 Latino
1410 1729 1447 1814 P
1465 1729 1634 1845 supino
1654 1756 1697 1822 111
1720 1731 1946 1852 originem
1964 1730 2109 1816 traxit.

433 1881 640 2032 'Tertiam
659 1886 858 2008 denique
877 1889 939 1976 ita
958 1890 1127 1978 sensim
1148 1907 1292 1976 ortam
1316 1919 1412 2026 esse
1439 1893 1706 1984 arbitramur
1729 1904 1763 1998 Ρ
1785 1890 1913 2001 Ν,
1977 1893 2110 2013 Quae

437 2061 563 2174 enim
578 2053 729 2146 media
753 2055 875 2141 inter
893 2053 1078 2174 vulgare
1106 2071 1150 2140 et
1169 2051 1478 2180 Tironianum
1502 2057 1539 2140 P
1557 2052 1636 2142 hic
1655 2055 1936 2171 conspicitur
1953 2058 2109 2178 figura,

433 2253 487 2334 ea
516 2242 605 2327 tam
632 2221 684 2308 in
708 2218 870 2323 tabulis
887 2219 1170 2340 Eugubinis,
1200 2245 1337 2336 quam
1368 2219 1420 2304 in
1441 2248 1580 2306 aenea
1600 2217 1812 2339 quadam,
1840 2252 1957 2340 qnae
1984 2253 2111 2312 anno

428 2409 534 2510 post
559 2385 790 2474 Christum
818 2403 975 2472 natum
993 2382 1217 2502 vigesimo
1238 2381 1432 2498 septimo
1450 2379 1551 2470 data
1575 2401 1639 2470 est
1659 2384 1858 2492 (Maflei
1879 2381 1984 2473 hist.
1997 2385 2108 2504 dipl.

430 2525 498 2642 itt
510 2523 745 2658 tatu),
765 2547 855 2658 jam
873 2549 1098 2666 reperitur
1116 2547 1167 2632 in
1186 2545 1330 2632 verbo
1352 2547 1397 2632 tt
1414 2548 1435 2632 l
1451 2544 1524 2632 ct
1556 2543 1690 2652 MT,
1717 2568 1851 2668 atque
1870 2552 2109 2670 inscripto

429 2713 595 2804 saeculi
615 2713 761 2828 quarti
791 2732 870 2800 aut
892 2713 1046 2831 quinti
1077 2705 1354 2802 CAECILI
1387 2703 1709 2802 CYPRIANI
1746 2713 1891 2816 (Nov.
1905 2743 1980 2832 op.
1996 2710 2108 2832 dipl.

429 2883 583 2972 Τ.ΙΠ.
603 2863 967 2969 1111151111.
985 2879 1046 2989 5).
1112 2879 1153 2984 Ἰ
1193 2871 1451 2961 Tironiano
1476 2873 1653 2990 saepius
1680 2874 1956 2993 significatur
1982 2907 2106 2998 prae-
2151 2881 2160 2894 '

428 3047 600 3169 positio
624 3043 780 3152 Prae,
809 3047 926 3134 etin
952 3045 1161 3135 omnium
1190 3042 1286 3128 fere
1314 3038 1592 3144 verborum,
1630 3069 1877 3159 quaecum
1907 3067 1961 3128 ea
1981 3069 2106 3159 prae·

245 3323 247 3328 ,
428 3215 658 3336 positione
686 3231 793 3302 sunt
818 3211 1092 3330 composita,
1118 3204 1350 3326 principio
1375 3205 1576 3362 ponitur.
1632 3239 1691 3290 ι.
1717 3235 1828 3294 vero
1856 3205 2023 3322 syllaba
2043 3207 2107 3298 Pe

427 3399 518 3480 est,
547 3396 680 3493 atque
705 3376 839 3462 etiam
857 3375 962 3463 loco
979 3370 1330 3491 praepositionis
1349 3365 1461 3468 Per
1454 3389 1693 3488 usurpatur
1702 3375 1764 3493 (d
1776 3373 1897 3556 266)
1953 3401 2012 3474 Λ
2029 3372 2105 3461 de.

425 3545 571 3663 nique
602 3538 761 3628 videre
792 3540 942 3628 licet
926 3569 979 3626 m
1015 3531 1113 3638 st
1144 3577 1205 3602 ==
1230 3535 1278 3620 P
1305 3576 1363 3602 ===
1390 3531 1629 3650 Potest(
1613 3535 1682 3651 )
1727 3486 1845 3678 li
1847 3581 1905 3606 ==
1926 3539 2021 3623 Pac
2041 3579 2104 3608 ..2

426 3697 608 3800 Probat
636 3704 761 3820 (51).

536 3883 577 4001 ᾗ.
614 3882 705 3972 126.
761 3879 807 3972 P
833 3891 883 3971 et
910 3885 1192 3971 trzmcatam
1219 3887 1268 3966 et
1295 3877 1415 3970 aliis
1448 3853 1606 3976 literis
1631 3885 1875 4008 junctum.
1950 3896 2103 3995 qaut

424 4043 579 4138 literae
604 4049 810 4165 sequenti
833 4047 1028 4136 fulcrum
1061 4017 1194 4132 suum
1229 4041 1371 4152 cedit,
1395 4053 1532 4138 utin
1480 4020 1785 4202 ‘JmaPS
1810 4095 1871 4124 ·-=
1888 4049 2101 4158 Praeser-
2145 4060 2148 4068 '

422 4211 519 4300 tam
540 4209 644 4325 (3),
672 4173 777 4340 ‘L
785 4185 1507 4335 ΙῊΡΟι12--21ἰιῑιεί1(6),’(1
1534 4259 1596 4286 =
1615 4216 1744 4306 PGes
1761 4262 1820 4288 ===
1842 4215 2100 4344 Progenies

423 4375 564 4492 (47;)
584 4396 663 4469 aut
681 4375 837 4464 literae
854 4375 1144 4468 antecedenti
1162 4395 1319 4494 caput
1346 4378 1475 4466 utin
1513 4347 1605 4511 ql
1632 4425 1690 4452 Ε
1711 4383 1918 4472 (3Ρ11
1857 4382 2098 4504 Cupit

423 4540 556 4658 (12)
588 4503 1106 4682 47πέΡ21-Ε1221
1131 4543 1291 4659 (124)
1317 4539 1412 4670 O&
1447 4545 1686 4638 =0P
1713 4545 1989 4666 01221018)
2012 4573 2104 4658 cet.
