4896 5890
965 603 1277 726 ...βψ

296 809 432 922 nobis
455 822 725 926 videantur,
762 835 955 908 attamen
986 815 1102 922 illis,
1143 818 1224 937 qui
1252 813 1504 908 sexcenties
1527 809 1964 924 iisdem'uterennn,

286 994 488 1084 ¹minima
517 989 681 1082 dubiae
706 989 901 1078 tuamne.
959 985 1127 1104 Neque
1154 1015 1192 1072 e.
1206 984 1302 1094 c.'ii
1317 981 1636 1074 haesitaverint
1662 984 1715 1070 in
1743 985 1967 1104 explican-

298 1154 367 1246 dis
389 1154 568 1247 duobus
582 1157 657 1262 SS,
684 1155 850 1276 quibus
865 1149 1028 1267 Supra
1038 1153 1272 1268 scriptam
1288 1145 1341 1234 iai
1363 1146 1473 1234 actis
1485 1145 1802 1241 Romanorum
1820 1152 1969 1240 foren-

293 1323 419 1415 sibus
442 1324 702 1444 saepissime
729 1320 1006 1444 significatur
1025 1315 1211 1434 (μοὶ).
1267 1310 1417 1431 Atque
1449 1339 1505 1399 eo
1534 1309 1724 1430 quidem
1749 1333 1968 1433 tempore.

268 1523 391 1611 -quo
426 1491 644 1614 rigebant
684 1485 909 1602 ejusmodi
930 1475 1207 1602 compendia
1239 1466 1493 1576 scribendi,
1530 1499 1691 1580 eorum
1719 1474 1787 1564 aia
1813 1503 1865 1564 ac
1888 1505 1969 1616 ps.

294 1673 431 1746 testas
449 1656 683 1745 neminem
704 1656 861 1778 fugere
878 1669 1076 1774 poterat3
1105 1645 1187 1740 sed
1211 1641 1487 1776 obsolefacto
1507 1643 1657 1760 prisco
1678 1643 1791 1756 ritu,
1819 1662 1865 1730 et
1895 1673 1970 1732 an-

268 1820 478 1941 -tiquatis
508 1820 713 1912 formulis
739 1822 850 1910 olim
879 1819 1093 1938 receptis,
1139 1809 1372 1902 intellectu
1401 1806 1517 1896 iacta
1551 1827 1657 1897 sunt
1694 1803 1970 1898 difficillima.

299 1985 484 2074 Habent
503 1988 636 2074 etiam
659 2005 771 2076 artes
792 2004 837 2074 et
855 1981 1121 2102 disciplinae
1139 2005 1238 2068 suas
1254 2003 1469 2094 quaeque.
1483 1973 1810 2093 appellationes
1831 1991 1875 2064 et
1894 2005 1970 2066 vo·

287 2135 458 2240 ‘cabula
483 2151 669 2269 propria
688 2149 802 2240 adeo
824 2151 1048 2242 solemnia
1068 2164 1112 2236 et
1130 2139 1384 2242 familiaria,
1407 2155 1465 2225 -ut
1482 2137 1636 2242 enam,
1667 2167 1811 2256 quum
1838 2125 1972 2228 corri-

273 2313 508 2431 -piuntur,
530 2343 557 2400 a
578 2314 735 2431 peritis
757 2313 889 2402 facile
906 2307 1226 2426 intelligantur.
1283 2305 1472 2416 ltajuris
1489 2305 1687 2424 publici,
1706 2305 1836 2426 quod
1853 2309 1974 2399 inter

280 2477 554 2568 Germanos
579 2477 709 2566 ‘olim
743 2473 963 2578 obtinuit,
1013 2469 1208 2560 consulti
1237 2501 1490 2592 numquam
1516 2468 1808 2578 dubitarunt,
1845 2473 1978 2596 siglas

299 2641 334 2730 l.
370 2645 418 2731 P.
456 2646 534 2734 W.
573 2641 944 2731 Instrwnantum
979 2633 1117 2728 Pacis
1146 2633 1222 2726 W
1212 2631 1542 2754 estphala’cae,
1589 2641 1642 2738 A.
1670 2643 1724 2733 Β.
1761 2641 1973 2744 Amatam

300 2801 517 2914 Rullum,
554 2809 611 2897 ll.
643 2808 677 2896 l.
712 2805 956 2895 &cassum
982 2801 1201 2932 anparai,
1243 2804 1543 2925 interpretari.
1619 2807 1753 2928 Quae
1785 2807 1974 2901 eaedem

288 2967 463 3092 siglae,
506 2974 545 3062 si
571 2974 686 3063 forte
713 2973 765 3060 in
782 2961 1243 3063 commentationibus
1265 2972 1339 3062 vel
1364 2972 1574 3082 medicis,
1602 2975 1676 3066 vel
1695 2961 1971 3084 mathemati·
2100 3013 2104 3020 ·

273 3135 387 3238 Cois,
425 3135 498 3222 vel
529 3136 625 3225 aliis
654 3153 995 3254 comparerent,
1016 3163 1154 3232 nemo
1179 3143 1385 3262 profecto
1411 3175 1592 3265 eorum,
1628 3148 1709 3266 qui
1733 3146 1786 3234 in
1808 3143 1970 3237 harum

296 3315 477 3389 tantum
513 3300 674 3406 artium
705 3299 906 3394 studium
933 3301 1228 3413 incubuerint
1241 3373 1257 3438 ¹,
1299 3325 1640 3428 assequeretur,
1685 3303 1798 3429 quid
1830 3309 1970 3430 signi-

278 3468 449 3560 licent.
1901 3491 1905 3496 ’

283 3649 286 3659 “
415 3645 455 3764 ᾗ.
485 3644 583 3734 225.
638 3645 737 3737 Jam
770 3673 883 3736 vero
920 3645 1002 3766 qui
1033 3644 1093 3738 ad
1119 3667 1248 3742 notas
1276 3651 1552 3744 Tironianas
1587 3650 1639 3742 id
1674 3651 1968 3759 transtulerit,

303 3809 508 3930 proiecto
533 3843 632 3901 non
667 3813 923 3921 mirabitur,
954 3845 991 3904 e.
1005 3847 1041 3906 c.
1063 3815 1385 3935 appellationes
1414 3813 1512 3906 Vir
1524 3810 1759 3933 prudens,
1787 3809 1884 3902 Vir
1900 3841 1973 3902 sa·

299 3977 459 4092 piens,
492 3975 588 4066 Vir
610 3975 922 4106 magnificus,
956 3977 1012 4074 V
1004 3981 1052 4070 ir
1070 3975 1379 4094 splendidus,
1422 3977 1517 4069 Vir
1538 3967 1843 4096 spectabilis,
1875 3975 1971 4070 Vir
2115 4035 2125 4056 .

277 4133 515 4245 silenter,
561 4140 616 4229 V
609 4145 656 4230 ir
672 4141 995 4256 clarissimus,
1039 4143 1095 4239 V
1088 4149 1136 4236 ir
1160 4139 1412 4249 hortanus,
1456 4140 1512 4232 V
1505 4144 1551 4230 ἰν
1579 4131 1829 4249 sublimis,
1871 4141 1928 4237 V
1921 4147 1968 4234 ir

262 4657 270 4666 '
300 4677 405 4740 rum
425 4643 779 4766 appellationum
802 4677 936 4741 usum
963 4643 1086 4769 apud
1101 4651 1336 4746 Romanos
1368 4647 1482 4750 adeo
1502 4653 1786 4776 frequentem
1806 4657 1967 4772 sanese,
