4896 5890
982 565 1292 662 *181*

301 781 453 874 nianis
480 777 601 869 uotis
632 777 829 869 Graecae
865 775 1219 875 admiscerentur
1242 781 1396 872 luerae
1415 779 1597 902 (111461.
1663 785 1822 910 Qunm
1847 791 2000 883 euimv

301 949 572 1036 Latinarum
591 940 823 1056 cujusdam
841 947 993 1035 literae
1013 946 1259 1035 formarum
1281 946 1416 1064 copia
1435 944 1651 1038 exhausta
1673 973 1807 1059 esset,
1837 956 1972 1046 Grae

303 1141 455 1211 carum
477 1107 662 1198 adibant
688 1128 962 1227 apparatum.
1021 1107 1165 1232 Quod
1191 1143 1287 1234 quo
1312 1112 1474 1202 melius
1499 1113 1798 1238 intelligatur,
1825 1151 1975 1214 exem.

301 1276 390 1396 plis
422 1274 757 1392 ilhrstra'bimus.
829 1273 999 1365 Literis
1025 1271 1107 1366 ,ΟΡ
1134 1274 1186 1362 in
1215 1277 1338 1368 notis
1366 1277 1632 1370 Tironianis
1662 1285 1902 1378 notabatur
1929 1311 1974 1380 ct

304 1438 439 1561 Opus
463 1461 510 1530 et
537 1438 744 1556 Oportet
750 1475 771 1542 ‚·
806 1435 908 1544 sed,
943 1456 995 1530 ut
1019 1455 1262 1560 unumque
1276 1439 1636 1548 discernerem,
1674 1443 1788 1542 iliud
1811 1451 1972 1542 scribe·

298 1603 429 1695 batur
454 1600 551 1728 Ox
574 1569 706 1709 ,boc
745 1574 825 1715 ζ’
833 1679 838 1696 .
863 1598 979 1710 (ad).
1031 1599 1190 1720 Quum
1219 1603 1357 1724 igitur
1390 1625 1434 1694 et
1459 1637 1632 1696 nomen
1661 1604 1843 1726 Opinio
1867 1613 1972 1706 dua.

299 1769 386 1860 bus
405 1769 492 1858 illis
513 1767 651 1856 literis
675 1761 930 1872 notandum
958 1785 1092 1876 essere
1119 1767 1172 1868 in
1195 1787 1324 1874 nota,
1353 1767 1523 1886 quaid
1544 1774 1840 1891 significatur,
1867 1777 1972 1894 ο)

296 1935 394 2050 (48)
419 1935 596 2054 Omega
621 1931 867 2038 Graecum,
900 1961 1002 2036 cum
1027 1933 1062 2018 P
1085 1931 1256 2032 Latino
1283 1931 1577 2044 conjunctum
1605 1957 1681 2026 ast
1738 1941 1806 2030 Ita
1825 1947 1972 2054 etiam,

296 2132 443 2222 quum
476 2101 616 2223 siglae
646 2106 693 2210 a
732 2141 791 2185 a·
817 2097 865 2192 Ο
892 2099 944 2194 in
976 2097 1177 2188 notanda
1205 2097 1546 2222 praepositione
1583 2091 1657 2187 Ob
1685 2109 1768 2218 (1)
1803 2137 1972 2208 munus

298 2266 386 2377 jam
422 2283 537 2356 esset
578 2282 882 2382 occupatum,
940 2259 998 2350 ad
1012 2303 1018 2354 ι
1032 2259 1380 2380 significandum
1421 2263 1695 2363 vocabulum
1744 2263 1970 2386 Optima

301 2433 473 2534 Graeca
496 2433 623 2530 litera
650 2451 707 2518 ω
736 2435 803 2545 (4)
831 2423 1139 2532 adhibebatur,
1827 2551 1831 2560 Ι
1859 2527 1863 2536 ¹

412 2601 454 2721 §.
480 2624 583 2700 212,
641 2595 775 2685 Certa
792 2591 847 2685 ‘et
868 2613 1080 2686 constans
1104 2592 1306 2713 plurium
1326 2611 1537 2684 notarum
1563 2597 1709 2700 forma
1733 2631 1825 2722 quo
1852 2602 1967 2704 dim.

298 2769 428 2864 cilius
456 2767 508 2854 in
535 2783 688 2855 mente
708 2761 934 2866 inhaeret,
963 2791 1019 2850 eo
1049 2759 1193 2870 maior
1222 2776 1287 2848 cst
1312 2759 1365 2848 in
1398 2761 1606 2884 legendis
1640 2765 1727 2856 illis
1753 2769 1971 2868 molestia.

298 2931 562 3026 Admodum
592 2929 828 3022 difficultas
856 2919 1044 3046 insuper
1072 2935 1261 3045 augetur
1291 2955 1373 3031 eo,
1414 2928 1541 3046 quod
1573 2952 1749 3050 praeter
1775 2935 1968 3056 figuram

300 3095 501 3186 diversus
523 3096 658 3180 etiam
679 3093 787 3180 situs
806 3121 949 3210 quum
968 3089 1195 3180 literarum
1211 3091 1476 3209 principaiia
1500 3111 1658 3198 notae,
1688 3114 1784 3188 tum
1818 3100 1966 3194 termi-

298 3261 537 3352 nationum
559 3255 851 3368 adjectarum,
880 3272 931 3344 ut
957 3253 1302 3349 ascribentibus
1324 3284 1381 3344 ex
1411 3285 1538 3346 more
1566 3277 1749 3375 recepto
1775 3257 1967 3380 diligen·

297 3425 465 3516 tissime
486 3418 743 3526 servandus,
762 3421 825 3512 iu
840 3447 866 3512 a
884 3418 1138 3540 legentibus
1156 3417 1314 3510 sedulo
1332 3419 1642 3540 respiciendus
1662 3442 1739 3516 est.
1800 3427 1967 3534 Etiam·

300 3589 339 3682 si
360 3589 520 3710 igitur,
545 3605 598 3677 ut
620 3585 712 3678 hoc
731 3603 851 3690 utar,
880 3582 1152 3692 vocabulum
1182 3581 1345 3686 Causa
1369 3583 1545 3681 duabus
1575 3587 1713 3684 literis
1741 3587 1817 3685 Ca
1847 3589 1965 3694 indi,

300 3771 445 3868 catur3
474 3755 663 3845 minime
691 3773 845 3843 tamen
874 3749 915 3840 C
944 3751 1072 3842 litera
1090 3743 1273 3838 adversa
1298 3751 1369 3840 uti
1388 3751 1518 3856 licet,
1546 3747 1629 3844 sed
1653 3782 1817 3852 aversa.
1873 3757 1964 3856 Ne.

300 3948 391 4040 que
423 3919 469 4008 ei
499 3921 755 4030 terminatio
787 3917 913 4015 br==
939 3945 974 4006 a
1000 3944 1085 4033 pro
1114 3912 1285 4022 lubitu,
1314 3917 1439 4010 nulla
1465 3915 1556 4006 looi
1589 3915 1763 4006 ratione
1790 3915 1964 4029 habita,
2079 3971 2082 3978 ·

299 4085 430 4206 jungi
445 4099 614 4202 potest,
639 4105 691 4174 ut
717 4117 755 4175 e.
772 4117 808 4174 c.
834 4076 935 4180 Db
961 4073 1125 4214 sive‘ss
1162 4100 1369 4193 nocetum
1399 4078 1478 4178 sed
1503 4080 1765 4200 simpliciter
1789 4051 1964 4224 3)·(6)

302 4245 604 4368 pingendum.
659 4249 792 4340 Plura
825 4251 949 4346 erum
976 4248 1028 4344 in
1059 4247 1183 4346 notis
1207 4245 1485 4340 Tironianis·
1502 4240 1730 4342 scribendi
1752 4275 1968 4368 compen.

303 4419 410 4520 dia,
423 4443 481 4505 ex
501 4415 640 4505 literis
666 4413 756 4504 CA
773 4415 1043 4533 composita,
1072 4410 1267 4512 diuersas
1286 4409 1460 4510 habent
1478 4411 1712 4515 notiones.
1726 4427 1780 4506 ut
1828 4365 1871 4560 2
1910 4381 1965 4569 2

310 4542 356 4735 Z
402 4583 500 4700 ἢ,
533 4625 590 4670 η·
611 4579 823 4678 Censura
834 4581 954 4704 (61),
976 4575 1213 4682 Custodia
1232 4577 1358 4708 (79),
1384 4573 1587 4682 Colonia
1595 4577 1712 4692 (65),
1726 4573 1967 4700 Circa(1);
