4722 5868
507 732 627 822 Sunt
645 747 799 818 tamen
818 733 865 818 e't
878 719 990 842 aliae
1012 721 1146 834 hujus
1172 721 1225 810 in
1243 723 1450 815 notando
1467 717 1688 814 varietatis
1714 751 1893 829 causae,
1924 755 2033 846 quas
2059 730 2156 822 infra

506 893 653 1012 (W.
674 866 1109 1016 mutuemus)
1136 888 1430 1004 proferemus.
2065 973 2070 986 ,

619 1058 661 1176 ᾗ.
692 1053 761 1170 45.
820 1051 952 1140 Certa
976 1052 1116 1172 igitur
1133 1053 1287 1174 signa,
1320 1051 1568 1170 exquibus
1598 1069 1806 1140 notatum
1839 1053 2080 1174 antiquitas
2103 1089 2161 1150 co.

506 1170 769 1348 goiiscatur,
800 1213 1005 1304 collectio
1023 1214 1209 1303 Gruteri
1226 1245 1325 1303 non
1348 1209 1619 1333 suppeditat.
1675 1213 1842 1330 Neque
1873 1245 1931 1304 ex
1949 1217 2092 1336 altero
2114 1217 2160 1308 de

504 1387 627 1476 notis
650 1381 913 1470 Tironiauis
940 1409 1111 1496 opere,
1142 1376 1268 1497 quod
1287 1377 1555 1494 Carpentier
1579 1371 1742 1479 edidit,
1771 1373 1884 1464 haec
1903 1379 2056 1499 colligi
2077 1409 2164 1500 pos·

502 1523 628 1645 suist}
670 1567 872 1639 sumtum
918 1545 1045 1632 enim
1071 1542 1123 1631 id
1148 1573 1206 1631 ex
1239 1544 1379 1646 libro,
1418 1543 1498 1661 qui
1526 1535 1812 1628 hauddubie
1844 1537 2078 1630 Ludovici
2103 1545 2164 1630 Pii

501 1687 644 1808 aetate
665 1714 860 1829 scriptus
882 1710 945 1827 (β’.
960 1706 1092 1823 357),
1120 1703 1319 1826 ideoque
1337 1725 1564 1822 tempore,
1595 1732 1688 1834 quo
1707 1703 1948 1792 verisimile
1969 1707 2102 1796 nobis
2121 1711 2163 1798 fit

500 1863 634 1972 notas
654 1865 771 1967 orta's
789 1903 906 1978 esse,
937 1869 1077 1960 multo
1103 1885 1168 1956 est
1190 1871 1426 1956 recentior.
1482 1871 1658 1955 Praeter
1690 1865 1805 1958 duos
1835 1866 1920 1958 hos
1952 1869 2089 1962 libros
2110 1893 2166 1990 ry.

503 2049 577 2169 pis
599 2039 832 2132 mandatos
862 2056 1102 2168 supersum
1130 2036 1206 2122 alii
1232 2032 1441 2126 noudum
1463 2037 1755 2158 promulgati,
1786 2035 1843 2126 de
1872 2037 2037 2156 quibus
2059 2042 2167 2128 infra

502 2217 569 2332 (qg
585 2210 668 2301 526
688 2208 805 2328 seqss)
842 2205 1070 2324 copiosius
1102 2233 1298 2323 agemus.
1375 2203 1567 2292 Nullam
1595 2236 1704 2292 vero
1740 2235 1796 2294 ex
1830 2207 1907 2310 iis,
1934 2208 2167 2326 inquibus

497 2379 658 2503 major
669 2403 794 2497 pars
820 2373 940 2459 notis
969 2369 1134 2486 scripta
1158 2387 1243 2470 est,
1272 2368 1484 2456 novimus
1506 2367 1684 2456 saeculo
1708 2399 1836 2456 nono
1858 2371 2166 2488 antiquiorem.

528 2579 547 2596 ··
612 2546 651 2660 q.
683 2542 753 2653 46.
809 2537 1010 2652 Reliqua
1049 2549 1262 2620 notarum
1291 2531 1646 2618 Tironianarum
1689 2535 1970 2622 monimenta
2011 2533 2170 2626 chartis

500 2713 597 2800 sive
633 2700 954 2821 diplomatibus
987 2700 1289 2788 continentur.
1363 2694 1523 2816 Quum
1556 2728 1666 2788 vero
1702 2729 1789 2787 nec
1833 2697 1999 2788 horum
2029 2702 2173 2792 ullum

503 2862 625 2960 aute
639 2863 842 2955 medium
875 2891 1037 2952 aevum
1073 2863 1129 2952 sit
1159 2863 1486 2980 conscriptum,
1513 2863 1686 2981 quippe
1708 2893 1903 2981 quorum
1923 2865 2173 2982 antiquissi-

502 3063 641 3138 mum,
663 3026 789 3151 quod
809 3024 995 3147 quidem
1005 3028 1125 3116 notis
1140 3007 1405 3116 Tironianis
1429 3026 1698 3148 insignitum
1711 3019 1844 3114 uobis
1857 3024 2010 3116 videre
2030 3027 2176 3134 licuit,

499 3228 599 3285 nou
626 3189 717 3288 nisi
739 3191 916 3288 saeculo
942 3191 1134 3308 septimo
1153 3189 1308 3301 datum
1334 3193 1409 3305 sit;
1440 3223 1496 3280 ex
1513 3194 1569 3282 iis
1585 3225 1872 3314 nequaquam
1896 3192 1953 3284 de
1980 3195 2177 3316 antiqui-

496 3380 585 3448 tate
615 3358 751 3469 hujus
774 3357 1032 3475 scriptionis
1064 3359 1226 3444 certius
1257 3357 1428 3478 aliquid
1460 3365 1591 3451 statui
1614 3383 1774 3482 potest.

612 3523 651 3641 p.
683 3547 752 3636 47.
820 3521 894 3609 Ad
931 3521 1057 3611 hunc
1092 3523 1276 3614 tandem
1317 3529 1456 3620 finem
1488 3549 1539 3618 ut
1570 3529 1880 3647 perveniatur,
1921 3525 2015 3615 sola
2046 3547 2181 3616 nota-

494 3723 596 3784 rum
619 3693 820 3809 ipsarmu
845 3688 1122 3807 exploratiO,
1154 3721 1295 3813 eaque
1317 3696 1495 3800 critica,
1518 3695 1709 3815 proiicit.
1760 3692 1910 3811 Quam
1933 3723 2076 3810 quum
2097 3724 2186 3782 co-

500 3858 654 3982 guisio·
675 3885 835 3974 earum,
857 3851 1067 3943 subtilior
1096 3871 1228 3973 atque
1258 3860 1448 3977 analysis
1483 3855 1722 3980 praecedat
1749 3887 1933 3948 necesse
1963 3857 2042 3972 sit;
2071 3887 2186 3948 sen-

500 3997 687 4106 teutiam
707 4041 927 4124 nostram,
958 4047 1094 4138 quam
1111 4025 1389 4141 proposituri
1416 4055 1587 4140 sumne,
1617 4023 1891 4143 argumentis
1914 4053 2013 4112 uon
2038 4025 2188 4140 prius

499 4154 694 4306 probare
718 4173 986 4299 poterimus,
1018 4217 1153 4306 quam
1182 4189 1302 4278 illius
1327 4142 1571 4309 scripturae
1593 4218 1736 4308 quum
1765 4189 2188 4305 compositionem,

412 4377 419 4390 “
501 4361 598 4442 tuin
616 4346 1005 4469 orthographiam,
1030 4356 1155 4470 [cujus
1176 4355 1411 4488 utriusque
1433 4345 1671 4473 peculiaris
1695 4372 1759 4442 est
1782 4354 1917 4458 ratio,
1949 4383 2194 4472 exposue-

502 4515 652 4604 rimus.
686 4513 896 4660 ‘Iaterim
914 4515 988 4624 iis,
1018 4549 1131 4638 quae
1151 4519 1263 4613 inde
1286 4520 1564 4626 efficiuntur,
1587 4541 1638 4614 ut
1653 4519 1908 4642 postulatu,
1935 4520 2003 4608 uti
2020 4519 2188 4608 liceat.
2212 4633 2220 4642 ·
2310 4569 2318 4580 ·
