4476 5760
776 594 782 600 .
903 522 1198 629 *1⁵27-

276 797 279 803 .
336 725 377 845 ᾗ.
406 725 473 814 53.
531 723 855 812 Gravissimum
888 743 1036 811 autem
1063 733 1380 846 argumentum
1413 694 1485 818 exi
1499 728 1599 845 ipsa
1623 728 1755 842 hujus
1789 739 1889 823 scri-

221 911 379 1010 pturae
410 912 568 979 natura
595 910 640 977 et
660 888 822 1010 indole
853 891 971 977 sumi
994 910 1163 1008 potest:
1194 890 1320 1008 quod
1343 925 1485 1010 quum
1516 925 1661 981 nemo
1675 898 1804 985 facile
1823 902 1890 987 in-

222 1054 468 1175 telligendo
498 1074 775 1172 assequetur,
817 1055 907 1186 nisi
945 1055 1026 1172 qui
1055 1047 1483 1144 commentationem
1514 1014 1716 1148 nostram
1745 1093 1890 1183 usque

222 1218 279 1306 ad
301 1221 438 1304 linem
460 1236 624 1303 attente
654 1218 911 1336 perlegerit,
943 1237 1075 1335 atque
1096 1221 1241 1337 ipsam
1265 1242 1474 1309 notarum
1498 1226 1701 1340 analysin
1723 1259 1889 1348 cogno.

221 1387 358 1519 verit3
386 1412 511 1471 nunc
534 1383 763 1469 monuisse
781 1382 993 1484 sufficiat,
1025 1412 1130 1469 eum
1155 1381 1244 1471 hoc
1266 1389 1404 1489 fact0,
1435 1417 1697 1502 persuasum
1716 1389 1890 1481 habitu.

220 1581 340 1651 rum,
382 1577 531 1664 neque
565 1547 810 1648 Tironem,
852 1576 1003 1662 neque
1031 1548 1167 1636 alium
1199 1566 1496 1669 quemquam,
1534 1549 1624 1637 hoc
1660 1555 1890 1645 scribendi

220 1742 365 1834 genus
395 1709 603 1798 consulto
619 1710 842 1823 firmisse,
871 1729 947 1796 aut
975 1709 1238 1822 hujusmodi
1261 1716 1491 1803 literarum
1508 1715 1695 1834 figuras,
1723 1719 1888 1807 veloci-

220 1897 287 1964 ter
306 1871 534 1965 scribendi
557 1903 712 1976 causa,
738 1877 1034 1994 excogitasse,
1063 1907 1216 1996 neque
1236 1879 1433 1997 fingere,
1460 1907 1614 1994 neque
1634 1883 1888 2000 excogitare

219 2043 431 2162 potuisse.
492 2040 770 2159 Quicunque
811 2040 935 2131 enim
966 2040 1172 2128 subtilius
1199 2044 1251 2127 in
1286 2062 1414 2127 notas
1442 2043 1651 2158 inquirit,
1696 2042 1884 2166 diligen·
1923 2110 1930 2121 .

133 2312 137 2321 Ι
218 2208 397 2322 tiusque
416 2232 487 2288 eas
507 2204 764 2319 investigat,
794 2232 845 2286 ac
865 2205 1049 2316 penitus
1069 2223 1389 2318 perscrutatio,
1418 2236 1517 2292 non
1540 2228 1689 2323 potest
1708 2243 1804 2298 non
1821 2217 1887 2303 in-

219 2371 440 2488 telligere,
472 2395 564 2484 quo
583 2382 715 2479 pacto
736 2365 950 2478 paulatim
974 2366 1229 2483 sensimque
1245 2387 1374 2454 natae
1398 2371 1488 2455 sint
1508 2371 1666 2487 (Ml),
1695 2368 1888 2491 perinde

219 2566 270 2621 ac
298 2532 538 2647 scriptura,
576 2556 710 2645 quam
737 2531 973 2615 cunisam
1005 2529 1252 2646 appellant,
1291 2550 1371 2617 aut
1403 2534 1536 2621 etiarn
1577 2535 1665 2621 alia
1686 2540 1887 2659 vulgaria

218 2693 447 2788 scribendi
482 2689 768 2810 compendia.

333 3042 372 3160 §-
403 3039 470 3153 34
528 3036 741 3124 Ceterum
766 3029 888 3120 haud
909 3033 1026 3139 sci0,
1054 3062 1112 3121 an
1125 3035 1480 3121 Tironianarum
1509 3057 1718 3125 notarum
1738 3041 1886 3160 appel.

161 3302 164 3306 ,
219 3214 326 3303 latio
363 3186 450 3296 ulio
480 3199 745 3319 accipienda
776 3200 832 3288 sit
857 3230 1018 3307 sensu,
1055 3233 1197 3328 quum
1228 3205 1327 3288 liro
1352 3202 1476 3289 idem
1507 3203 1731 3322 significet
1760 3207 1886 3325 quod

220 3375 345 3466 rudis
373 3393 448 3459 aut
481 3366 748 3486 discipulus,
776 3365 1160 3485 tironiarrrmque
1182 3386 1390 3453 notarum
1416 3369 1606 3454 nomine
1641 3371 1776 3456 etiam
1804 3401 1884 3459 eae
1920 3403 1925 3421 ·
1980 3414 1984 3423 ·

220 3545 376 3634 venire
397 3537 594 3656 possint,
623 3548 750 3652 quae?
761 3529 995 3648 discipulis
1014 3530 1254 3620 discendae
1284 3548 1422 3618 erant
1482 3531 1557 3619 llla
1579 3510 1717 3652 igitur
1736 3536 1885 3651 appel.

220 3712 326 3798 latio
337 3702 510 3825 vulgari
527 3702 641 3787 forte
662 3701 877 3818 opinioni
896 3698 1047 3787 locum
1067 3693 1212 3801 dedit,
1231 3715 1303 3799 ut,
1323 3697 1361 3783 si
1386 3697 1460 3784 cui
1479 3714 1600 3782 extra
1622 3715 1885 3793 contextum

224 3869 488 3972 occurrerit,
507 3866 651 3984 quise
674 3863 833 3986 legisse
854 3860 1238 3966 reminisceretur,
1262 3860 1534 3949 Ciceronem
1553 3831 1885 3978 tachygraphos
2020 3858 2025 3865 ’

222 4035 502 4137 adhibuisse,
530 4031 889 4151 quilorationes,
919 4029 970 4114 in
996 4028 1295 4115 concionibus
1327 4024 1520 4126 habitas,
1555 4024 1680 4134 notis,
1707 4025 1885 4141 excipe.

224 4221 327 4292 rent
345 4197 505 4317 (dod),
533 4199 570 4286 is
600 4198 730 4286 facile
753 4194 919 4286 adduci
941 4195 1165 4312 potuerit,
1192 4212 1244 4278 ut
1268 4187 1568 4289 confunderet
1588 4220 1761 4277 nomen
1782 4221 1883 4306 pro-

78 4387 83 4394 ’
222 4368 374 4485 prium
409 4361 522 4450 Tiro
543 4393 647 4450 curu
670 4361 952 4479 appellativo.
1012 4357 1142 4475 Quae
1165 4386 1437 4475 quamquam
1463 4356 1700 4442 informata
1735 4374 1778 4441 et
1802 4357 1883 4444 im.

221 4532 363 4655 polita
379 4526 529 4620 adhuc
553 4548 619 4618 est
636 4529 819 4648 opini0,
848 4547 900 4618 ut
927 4556 987 4616 ne
1009 4523 1309 4635 conjecturam
1327 4519 1514 4641 quidem
1539 4500 1756 4624 dicamus,
1784 4551 1883 4610 non
