4722 5868
1177 575 1458 710 ..244-

486 815 574 904 viri
593 810 737 914 docti,
765 826 913 898 totum
940 806 1102 899 Isidori
1129 809 1281 898 locum
1305 839 1363 898 ex
1391 809 1487 898 aiiis
1513 809 1843 930 antiquioribus
1876 810 2141 918 auctoribus,
2287 823 2289 826 ’

486 980 849 1069 consarcinatum
873 1008 990 1082 esse,
1017 976 1089 1064 vel
1110 976 1221 1094 ipsis
1247 975 1342 1063 fe're
1363 973 1615 1064 eorundem
1636 977 1785 1066 verbis
1807 976 2041 1084 adhibitis,
2063 1011 2140 1068 ec.

484 1147 567 1236 ubi
586 1144 643 1233 de
663 1141 969 1262 compluribus
988 1142 1121 1232 simul
1144 1141 1478 1258 excipientibus
1498 1146 1664 1276 agitur,
1684 1175 1740 1238 ex
1759 1144 2011 1252 Plutarcho
2029 1141 2142 1234 dein-

485 1315 563 1421 de,
584 1313 667 1401 ubi
687 1309 744 1398 de
755 1311 951 1412 Tirone,
970 1339 1030 1396 ex
1049 1309 1251 1395 Eusebio
1276 1310 1370 1397 sive
1389 1307 1703 1424 Hieronym0,
1734 1307 1954 1427 denique,
1972 1309 2055 1396 ubi
2072 1311 2143 1427 qui

483 1485 543 1572 sit
565 1479 787 1580 notarius,
817 1475 1085 1590 exponitur,
1117 1501 1174 1558 ex
1191 1469 1463 1591 Augustino.
1519 1475 1658 1564 Unde
1685 1508 1783 1564 non
1810 1478 1997 1580 mirum,
2027 1472 2144 1596 quod

483 1669 628 1738 totum
647 1675 748 1731 non
773 1639 1008 1742 cohaeret,
1039 1635 1246 1756 quodve,
1276 1669 1390 1756 quae
1413 1673 1470 1732 ex
1494 1642 1680 1732 diversis
1701 1644 1826 1730 libris
1848 1643 2145 1730 consarcinata

480 1812 608 1916 sunt,
637 1837 792 1897 secum
808 1805 906 1923 ipsa
929 1835 1134 1927 pugnare
1154 1803 1379 1893 ridentur.
1438 1805 1601 1894 Nihilo
1619 1827 1770 1934 tamen
1791 1811 1942 1896 minus
1964 1806 2039 1920 (nt
2061 1805 2144 1895 hoc

481 1977 674 2104 quidem
704 1967 808 2060 loco
835 1991 1027 2075 taceam,
1058 2001 1173 2091 quae
1209 1969 1266 2058 de
1296 1970 1566 2060 inventione
1598 1992 1807 2060 notarum
1837 1975 1935 2090 ipsa
1962 1974 2145 2060 sentiam

427 2219 430 2225 .
486 2146 623 2269 §.50
655 2145 706 2232 in
735 2139 898 2230 isidori
920 2139 1069 2226 verbis
1104 2135 1452 2258 repugnantiam
1486 2165 1638 2222 rernm
1670 2165 1776 2224 vere
1805 2137 1978 2242 inesse,
2008 2167 2145 2261 neg0,

481 2310 623 2404 modo
645 2305 917 2397 vocabulum
951 2301 1311 2391 Commeninlns
1335 2323 1455 2392 recte
1480 2303 1737 2420 accipiatur.

503 2505 509 2512 “
593 2477 632 2594 ᾗ.
661 2499 730 2594 29.
789 2469 1007 2590 Quonam
1022 2468 1114 2557 hoc
1138 2469 1332 2558 verbum
1351 2469 1552 2557 Isidorus
1572 2469 1673 2584 ipse
1697 2467 1862 2573 trahat,
1890 2469 2148 2587 interpreta-

478 2648 571 2746 tio,
603 2635 793 2758 quaein
821 2635 918 2721 aliis
948 2631 1148 2743 ejusdem
1178 2636 1372 2720 auctoris
1397 2632 1508 2719 locis
1539 2651 1699 2736 exstat,
1729 2629 1936 2726 docebit:
1974 2654 2073 2725 tum
2098 2641 2150 2725 in

480 2809 624 2906 libro,
653 2799 736 2919 qni
760 2793 987 2921 Origines
1006 2797 1267 2887 inscribitur
1284 2800 1365 2911 (L.
1381 2800 1454 2886 vt.
1476 2795 1582 2889 (28.
1602 2799 1811 2888 Gothofr.
1825 2802 1955 2922 958),
1998 2808 2147 2898 verbis

488 2959 850 3055 Commutatio
872 2957 1016 3046 dicta
1035 2963 1180 3086 qnasi
1204 2993 1311 3050 cnm
1333 2973 1500 3053 mente.
1560 2960 1685 3050 Sunt
1710 2967 1838 3054 eninr
1859 2973 2148 3092 interpreta-
2191 3089 2194 3094 Δ

481 3136 656 3234 tiones,
682 3135 740 3213 ni
770 3136 1036 3214 comnnntn
1055 3127 1206 3249 jnris,
1234 3139 1502 3218 somniante
1531 3125 1772 3254 evangelii
1779 3169 1799 3236 ,·
1824 3154 1923 3226 tum
1947 3138 1999 3225 in
2027 3139 2148 3229 libro

478 3295 540 3386 de
560 3285 875 3410 Differanliis
907 3285 1149 3382 verborum
1187 3291 1313 3406 (Lit.
1326 3295 1377 3383 C.
1398 3325 1443 3382 11.
1454 3324 1522 3415 90.
1546 3292 1685 3412 Oper.
1712 3295 1782 3385 ed.
1807 3299 1989 3391 Arevali
2015 3307 2073 3394 T.
2088 3310 2145 3396 V.

357 3481 360 3488 ’
478 3473 526 3583 p.
549 3466 653 3573 1-4),
681 3459 788 3562 ubi,
821 3457 879 3545 de
908 3464 1239 3551 commentariis
1264 3461 1486 3560 scribens,
1514 3456 1628 3546 haec
1654 3459 1815 3555 habet:
1849 3461 2151 3557 Commenta·
2232 3433 2239 3440 ἢ

478 3631 606 3718 rinna
622 3619 769 3716 liber:
800 3623 1125 3716 Commentznn
1140 3623 1224 3716 ool
1235 3634 1604 3738 commentatum
1619 3622 1863 3736 columen,
1890 3631 2058 3743 idest,
2086 3665 2154 3728 eac

411 3780 413 3785 ¹
475 3795 673 3884 diversis
693 3783 834 3880 libris
851 3803 1101 3882 comatum.
1157 3797 1230 3885 Ex
1260 3796 1426 3916 quibus
1454 3815 1663 3914 excerpta
1698 3825 1792 3885 esse
1821 3798 1984 3917 liquet,
2026 3833 2152 3922 quae

478 3963 562 4052 snb
590 3963 742 4050 'finem
781 3961 887 4049 libri
921 3961 1067 4048 Hasso
1088 4021 1104 4038 -
1125 3961 1369 4052 Cassellani
1412 3961 1483 4080 (d.
1512 3962 1628 4072 530)
1665 3957 1911 4085 leguntur:
1970 3963 2153 4086 Expli.

476 4127 615 4214 cinni
646 4137 945 4215 commentar.
965 4155 1058 4215 sex.
1065 4122 1289 4241 fhlt'citer
1311 4127 1416 4215 Deo
1440 4131 1618 4254 gratia
1642 4131 1806 4219 Arnen.
1871 4130 2001 4221 Inter
2026 4163 2155 4224 com-

473 4287 766 4378 mentnn'nn
786 4298 836 4374 et
851 4283 1200 4382 commentaria
1225 4291 1353 4420 qnid
1369 4293 1602 4385 interest?
1630 4293 1738 4382 Hoc
1760 4299 1984 4406 interest,
2011 4299 2159 4424 qnod

475 4455 866 4552 commentarium
893 4449 1016 4548 liber
1026 4527 1041 4568 ‚
1061 4463 1416 4552 conmacniaria
1438 4458 1691 4556 volumina
1720 4462 1964 4554 dicuntur.
