4778 5902
946 581 1005 602 ....
1060 534 1145 628 505
1198 577 1256 602 .-

274 779 391 850 ve‘ra
426 757 477 846 et
509 747 710 874 assidue
736 748 1185 874 interrogationis
1201 741 1325 873 quae
1348 742 1426 864 fit
1446 743 1724 881 plerumque
1755 753 1939 884 legenti

270 929 557 1052 generarent
588 949 648 1010 ex
673 919 926 1040 satietate.
948 911 1241 1036 fastidium.
1283 941 1372 1038 ego
1409 913 1604 1038 quidem
1631 917 1837 1044 dimisso
1865 935 1940 1018 'ca-
2034 981 2036 986 -

267 1094 379 1212 pite
400 1117 500 1176 meo
526 1084 712 1201 pudore
733 1071 964 1200 prohibeo
998 1079 1208 1194 (Etenim
1237 1099 1458 1200 quantum
1486 1083 1732 1178 crebriores
1756 1115 1941 1213 respon.

269 1255 420 1344 tiones
440 1249 497 1340 ed
518 1248 714 1340 assiduas
731 1246 1107 1366 interrogationes
1132 1241 1430 1362 respondenti
1455 1265 1676 1368 generent
1697 1245 1939 1370 fastidium,

271 1447 358 1540 ego
387 1411 597 1534 quidem,
639 1408 832 1500 demisso
859 1410 1028 1530 capite,
1064 1407 1244 1528 pudore
1272 1407 1423 1500 dicere
1451 1408 1737 1530 prohibeor).
1809 1419 1948 1546 Quid

269 1584 432 1707 igitar
451 1571 743 1693 condempno
764 1572 1070 1688 (contemno)
1086 1575 1151 1661 'in'
1171 1563 1358 1697 quobus
1364 1602 1489 1689 puer
1517 1570 1664 1696 lusus
1673 1569 1814 1692 (tiro)
1849 1571 1940 1668 alr.

269 1741 398 1874 quid
417 1771 476 1832 ex
501 1749 651 1862 parte
672 1729 787 1828 bene
816 1729 1029 1862 agnosco
1060 1733 1263 1862 aliquid
1298 1738 1470 1858 nescios
1552 1736 1659 1828 Hoc
1692 1733 1820 1832 enim
1846 1773 1937 1863 per

268 1933 402 2004 'noua
426 1907 645 2033 uestigia
672 1901 855 2027 rursus
873 1901 1129 2031 ingredior
1153 1899 1405 1994 emendare
1428 1900 1562 1994 uolui
1573 1905 1636 2026 si
1655 1903 1937 2031 potuissem.

268 2077 356 2170 lzoc
387 2075 479 2193 (ad
503 2069 623 2188 hos)
655 2076 807 2162 etiam
839 2036 1015 2190 apices
1038 2065 1315 2158 litterarum
1342 2063 1531 2186 infans
1546 2089 1680 2160 eram
1706 2103 1792 2164 nec
1819 2073 1936 2168 dum

255 2239 385 2365 stilo
398 2237 564 2356 ferreo
590 2242 643 2324 in
674 2231 913 2354 articulis
926 2233 1056 2352 meis
1059 2261 1164 2321 non
1192 2259 1324 2320 eram
1351 2231 1479 2350 usus
1497 2231 1573 2320 ad
1582 2233 1688 2352 sua
1712 2235 1938 2330 utilitate

269 2406 549 2498 conmmrari
572 2401 649 2515 (ut
667 2415 796 2486 notae
817 2395 874 2484 ad
894 2426 1026 2486 usum
1047 2411 1309 2484 convertere
1327 2397 1545 2515 portem)
1610 2390 1816 2502 litabat
1839 2431 1937 2494 ma.

271 2569 376 2692 nus.
426 2574 641 2656 tremunt
664 2555 880 2652 articuli.
930 2588 1032 2648 meo
1055 2589 1183 2648 nunc
1209 2557 1399 2650 nomine
1420 2581 1480 2649 ea
1503 2587 1627 2688 oreae
1635 2555 1937 2687 sposponde.

261 2755 378 2830 ‘ram
405 2731 581 2857 lingua
607 2758 714 2820 mea
742 2717 965 2844 crebrius
983 2729 1231 2851 ingerente
1260 2732 1428 2848 (quum
1455 2757 1561 2818 meo
1586 2759 1713 2820 nunc
1746 2735 1938 2826 nomine

269 2923 346 3010 en,
375 2917 490 3022 quae
511 2895 688 3012 saepius
711 2921 789 2980 ore
814 2887 1171 3009 spoponderam,
1199 2887 1416 2980 tradenda
1444 2892 1570 3001 cinti
1626 2885 1693 2980 ab
1721 2925 1781 2984 ca
1811 2925 1936 3020 qreae

269 3065 344 3156 ad
375 3057 646 3154 utilitatem
677 3057 896 3178 pertinet
930 3039 991 3142 rie
1017 3047 1113 3142 lzac
1147 3064 1270 3144 arte
1284 3051 1498 3179 agnosco
1531 3053 1799 3181 qualissit
1832 3061 1936 3182 ejus

272 3219 506 3347 affectus
529 3221 704 3338 (veram
736 3220 869 3332 hujus·
895 3223 997 3312 artis
1024 3239 1228 3310 naturam
1256 3236 1300 3306 et
1325 3215 1529 3310 indolem
1558 3241 1781 3342 usumque
1810 3253 1938 3314 nunc

266 3390 534 3518 perspicio)
577 3381 665 3477 lroc
690 3407 750 3476 ea
772 3361 869 3510 oue
877 3383 1245 3507 spoponderam
1270 3377 1404 3506 opus
1416 3385 1718 3474 tariotarum
1741 3383 1936 3478 adnixa

258 3549 474 3691 syllaba
506 3564 564 3644 ut
597 3549 769 3662 ordirer
799 3547 912 3674 ipso
936 3545 1113 3676 mages
1139 3545 1324 3640 clarent
1362 3559 1410 3638 et
1440 3549 1588 3678 quasi
1615 3571 1707 3676 per
1738 3549 1946 3678 species

270 3722 449 3846 (Quod
484 3723 716 3843 pollicitus
750 3737 852 3810 sum
887 3735 1003 3838 opus
1033 3718 1096 3806 ita
1133 3717 1302 3812 variare
1337 3717 1533 3822 institui,
1574 3737 1626 3806 ut
1661 3749 1718 3808 ex
1737 3717 1934 3810 ‘diversis

268 3887 391 3978 notis
416 3883 601 4000 syllabas
627 3885 824 4005 singulas
852 3889 1076 3988 eruerem
1118 3904 1278 4006 eaeque
1307 3897 1388 3978 s‘uo
1420 3917 1620 4010 quasque
1648 3885 1806 4008 generi
1834 3885 1934 3976 sub·

267 4055 475 4170 jioerem
510 4075 602 4167 quo
631 4052 772 4173 magis
792 4051 843 4140 in
872 4049 998 4141 hunc
1026 4049 1242 4144 ordinem'
1264 4053 1460 4179 digestae
1488 4055 1843 4165 illustrarentur)
1883 4058 1935 4140 et

258 4211 361 4338 suh
388 4202 578 4306 nomine
601 4215 739 4306 tullii
759 4216 957 4310 lectione
977 4211 1072 4307 lrao
1101 4219 1373 4329 (lectionem
1398 4220 1551 4334 hanc)
1581 4211 1799 4340 tlesigno.
1855 4212 1935 4302 Li-

268 4377 349 4498 lret
383 4373 595 4500 opifices
616 4377 991 4510 uniuscuiusque
1023 4371 1300 4474 claritatem
1332 4371 1549 4501 conatus
1575 4391 1770 4472 nectere.
1834 4373 1933 4466 Ad.

271 4547 362 4662 leuc
387 4553 535 4643 mein
555 4546 853 4686 prolixitate
864 4545 1044 4668 seriem
1068 4547 1408 4668 consonantem
1439 4545 1599 4644 adlruc
1625 4532 1848 4660 crebrius
1864 4544 1935 4632 in-

1266 4710 1323 4838 39
