4896 5890
1136 549 1558 654 -256-2

460 779 550 880 AT
566 728 1033 876 uanrvmroaru
1054 763 1288 885 (Agosma
1308 757 1541 869 aare),
1558 754 1997 869 arnprrcuernes
2010 757 2141 868 (sau

464 943 628 1039 medie.
648 939 764 1030 ocul.
786 939 870 1046 ιο),
896 931 984 1019 AT
1003 925 1275 1046 pueritiam
1296 926 1487 1040 (Murat.
1501 925 1670 1042 antiqu.
1684 922 1776 1009 Ital.
1795 923 1850 1008 V.
1864 919 1970 1035 54);
1996 921 2139 1010 modo

367 1191 370 1196 .
466 1111 580 1214 AD,
607 1135 692 1246 pro
714 1093 1040 1210 conjunctione
1070 1091 1257 1206 (Cellar
1282 1087 1396 1177 onh.
1414 1085 1469 1172 ll.
1495 1080 1632 1195 217),
1659 1099 1704 1170 et
1729 1081 1951 1202 ADQVE
1985 1085 2143 1206 (l·¹29

223 1223 230 1241 ⁴
317 1273 322 1283 “
467 1301 515 1371 et
542 1279 719 1364 Gruter.
742 1267 840 1374 557.
882 1265 994 1352 Sert.
1013 1259 1113 1346 Urs.
1130 1252 1255 1368 555).
1322 1243 1484 1366 Quid?
1515 1241 1641 1363 quod
1663 1240 1966 1332 differentiam
1994 1275 2020 1330 a
2045 1247 2144 1365 qui-

467 1439 658 1538 busdam
688 1449 929 1530 servatam,
973 1444 1035 1512 ut
1051 1423 1164 1526 AD,
1205 1447 1347 1538 quum
1375 1432 1489 1538 esset
1519 1411 1828 1530 praepositios
1862 1412 1912 1498 D
1944 1413 2143 1516 literam,

334 1632 336 1646 ·
468 1631 610 1724 quum
637 1613 788 1684 autern
814 1583 1103 1700 conjunctio,¹
1129 1583 1174 1666 T
1209 1582 1453 1699 acciperet,
1484 1582 1670 1700 ineptiis
1703 1578 1971 1671 adnumerat
1997 1581 2146 1701 Quin.

346 1817 355 1853 ι
468 1767 652 1856 tilianus
676 1749 803 1872 (inst.
821 1757 933 1841 orat.
951 1753 985 1837 Ι.
1006 1782 1045 1862 7.
1065 1750 1123 1835 T.
1133 1747 1168 1836 1.
1183 1775 1228 1868 p.
1236 1745 1306 1837 56.
1327 1745 1398 1840 ed.
1417 1749 1561 1868 Rip).

588 1973 641 2105 9.
658 1981 750 2097 5οι.
801 1957 1123 2096 ἘῐγιιιοΙοςίιιο
1153 1973 1318 2094 magis,
1354 1955 1489 2094 quam
1518 1971 1798 2092 euphoniae,
1822 1977 1874 2062 in
1901 1975 2146 2068 scribendo

471 2157 695 2248 rationem
713 2111 922 2232 habuisse
941 2109 1136 2260 priscos,
1165 2119 1304 2228 nemo
1331 2156 1395 2226 est
1417 2138 1497 2257 qni
1514 2138 1708 2260 ignoret.
1771 2143 1827 2226 In
1849 2142 1969 2229 notis
1991 2143 2148 2252 autern

473 2309 739 2408 'lironianis
768 2306 949 2396 accessit
982 2317 1026 2392 et
1054 2285 1138 2390 alia
1166 2307 1325 2408 causa.
1352 2303 1431 2392 cur
1451 2300 1571 2394 hanc
1602 2303 1826 2395 rationem
1849 2291 2149 2425 sequerentur

472 2453 652 2570 notarii.
709 2470 877 2560 Totius
902 2469 1025 2558 enim
1052 2466 1310 2610 scriptionis
1338 2469 1464 2587 quasi
1487 2487 1706 2556 structura
1727 2471 1965 2606 poscebat,
1994 2494 2047 2562 ut
2067 2505 2150 2563 no-

472 2669 569 2736 tae
564 2640 821 2761 principes,
842 2636 937 2752 sive
957 2599 1152 2756 radices,
1177 2605 1387 2788 quoad
1350 2662 1443 2744 eJus
1467 2631 1566 2722 fieri
1586 2653 1760 2752 posset,
1781 2635 2002 2759 integrae
2005 2669 2150 2734 serva-

473 2827 642 2910 rentur,
659 2797 1071 2954 praepositionibus
1089 2815 1133 2884 et
1152 2789 1567 2887 terminationibus
1564 2819 1739 2890 tantum
1761 2803 1950 2896 variatis.
1990 2804 2150 2924 Quod,

475 3001 617 3095 quum
642 2941 1007 3088 deprehendatur
1024 2959 1309 3082 potissimum
1329 2965 1381 3050 in
1405 2962 1635 3054 vocabulis

1189 3105 1814 3160 Μ

1184 3197 1414 3296 mutandis
1609 3202 1844 3293 flectendis

992 3453 1253 3572 compositis
1312 3447 1522 3542 derivatis
1572 3447 1725 3536 verbis
1773 3447 2035 3534 nomini·

996 3611 1257 3736 §.sonan
1315 3615 1423 3733 950
1424 3639 1532 3730 4.
1527 3609 1720 3734 ’9.505
1774 3609 2031 3730 busane.

480 3792 539 3884 de
569 3782 759 3912 singulis
790 3781 864 3876 his
896 3813 1023 3874 nunc
1053 3752 1376 3906 disseramus.
1651 3807 1655 3814 ·
2102 3771 2106 3778 ’

597 4067 637 4186 9.
664 4067 760 4156 302.
828 4065 883 4154 Ιιι
918 4059 1149 4176 vocabulis
1179 4057 1439 4181 compositis
1473 4055 1699 4178 politioris
1736 4057 1920 4180 linguae
1954 4058 2153 4154 Latinae

475 4235 726 4352 :scriptores
767 4231 943 4348 saepius
980 4246 1209 4316 mutarunt
1241 4257 1339 4314 non
1374 4222 1513 4312 modo
1552 4224 1962 4341 praepositionum
1979 4220 2156 4316 literam

487 4398 668 4488 smalem
687 4392 749 4512 (9
762 4389 892 4504 505),
921 4418 1080 4482 verum
1110 4391 1244 4478 etiam
1273 4391 1546 4480 vocabulum
1570 4391 1763 4510 simplex
1778 4394 1952 4509 ipsum.
2009 4367 2155 4504 Itain
2199 4499 2205 4508 .

480 4559 844 4680 atocabuliscurn
861 4557 1003 4654 verbo
1023 4557 1156 4684 Age,
1187 4579 1241 4650 ut
1254 4557 1345 4650 hoc
1366 4577 1485 4666 utar,
1517 4559 1777 4678 compositis
1802 4558 1978 4648 literam
2001 4557 2115 4651 Ain
2126 4563 2157 4650 ·I
