4722 5868
1047 601 1105 636 ,ι
1159 571 1215 688 57
1270 605 1325 636 .-..

342 786 458 906 'pria
477 769 1309 906 (185seq.)‚‘geographiam(1560et)‚
1335 763 1629 903 {insistentia}
1661 799 1718 870 ex
1741 779 2019 902 quibus'om·

354 957 490 1044 nibus
513 958 780 1075 paucissima
799 954 1060 1046 recentioris
1086 935 1185 1042 aevi
1203 937 1520 1078 tachygrephis
1544 955 1648 1043 usui
1674 983 1769 1043 esse
1792 972 2023 1072 poterant.

353 1123 415 1210 ita
431 1141 481 1212 ut
499 1123 835 1244 fugacissimum
858 1116 949 1206 hoc
964 1099 1192 1210 scribendi
1208 1151 1352 1250 genus
1374 1117 1431 1209 ad
1450 1120 1693 1216 remotiora
1708 1121 2022 1210 Romanorum

354 1257 557 1400 ternpore
584 1283 641 1372 sit
669 1279 988 1380 revocandum
1997 1373 2004 1386 ,

436 1450 512 1570 9
537 1476 604 1562 41.
663 1447 814 1566 Quo
798 1448 939 1578 rgitur
967 1446 1131 1544 modo
1127 1470 1403 1569 ·‚utrumque
1427 1397 1560 1568 quod
1590 1471 1858 1570 repugnat,
1870 1471 1916 1539 et
1945 1477 2022 1586 pa-¹

348 1645 454 1704 rum
482 1633 837 1706 consentaneum
867 1572 1066 1720 videtur,
1098 1616 1216 1701 inter
1240 1643 1287 1701 se
1313 1610 1545 1699 conciliari
1580 1611 1782 1730 poterit?
1811 1575 2021 1737 Profecto

335 1781 449 1862 'non
466 1775 610 1878 aliter,
642 1803 777 1892 quam
800 1775 838 1861 si
860 1747 1119 1880 statuamus,
1148 1774 1268 1862 hanc
1286 1770 1658 1894 tachygraphiam
1680 1804 1780 1861 non
1804 1805 1900 1864 uno
1925 1795 2019 1864 tan·

350 1940 449 2031 t'um
469 1937 721 2059 eodemque
742 1960 968 2058 tempore,
1000 1937 1079 2026 sed
1102 1941 1309 2066 pluribus
1326 1941 1377 2025 in
1396 1971 1483 2028 usu
1502 1939 1652 2028 fuisse.
1712 1918 1856 2058 Quod
1875 1969 2018 2059 quum

339 2103 422 2188 -ita'
442 2106 521 2206 sit,
550 2131 607 2188 ·eo
638 2103 740 2219 ipso
772 2103 1059 2190 confirmatur
1086 2107 1308 2191 sententia
1339 2123 1490 2190 nostru
1521 2103 1585 2219 (9.
1608 2103 1709 2212 53),
1744 2123 1882 2206 ¹notas
1918 2134 2018 2192 non

339 2263 671 2386 ,praemeditato
691 2263 881 2357 consilio
906 2265 1000 2362 sire
1025 2265 1231 2360 consulto
1247 2267 1487 2384 inventas„
1503 2263 1583 2355 sed
1602 2294 1659 2366 ex
1682 2266 1897 2366 ¹velociter
1915 2269 2018 2378 sori-

342 2426 492 2518 ·beudi
512 2427 669 2516 studio
691 2429 859 2526 sensim
880 2447 924 2514 et
941 2427 1191 2550 improviso
1215 2446 1363 2518 enetos
1380 2457 1496 2540 esse3
1524 2428 1587 2514 ita
1607 2446 1678 2530 ιιι,
1705 2425 1830 2549 quod
1851 2428 2015 2522 Cicero

352 2595 500 2708 (Brut.
515 2597 642 2705 VIII)
661 2593 718 2687 de
738 2595 886 2684 verbis
909 2591 1036 2684 dicit
1067 2594 1201 2684 etiam
1226 2589 1282 2678 de
1305 2591 1425 2680 notis
1441 2590 1602 2694 valeat,
1632 2619 1796 2690 earum
1811 2601 2014 2686 structu.

349 2790 457 2849 rant
479 2769 664 2851 natura
687 2787 798 2883 ma
778 2761 868 2864 σίι,
898 2787 1099 2898 casuque
1126 2783 1504 2928 nonnumquam,
1534 2783 1701 2906 quam
1708 2737 1799 2855 aut
1821 2759 2015 2848 ratt'one

351 2923 524 3054 aliqua
553 2935 643 3011 aut
671 2918 908 3010 observat'
863 2933 993 3058 tuone
988 2921 1211 3038 factam
1234 2954 1340 3010 esse.

346 3090 350 3100 ’
461 3095 501 3211 9.
531 3117 599 3206 42.
657 3095 888 3176 Praeterea
927 3087 1205 3180 collectionis
1232 3089 1349 3186 Grut
1332 3055 1526 3224 terianae
1561 3106 1659 3182 no'n
1698 3123 1844 3182 unum
1864 3095 2013 3184 fuisse

342 3251 599 3358 auctorem,
622 3251 880 3388 gravissima
897 3249 950 3337 in
971 3249 1154 3368 promtu
1174 3259 1279 3343 s'unt
1299 3229 1572 3378 argtunenta
1630 3259 1876 3350 Decl'arant
1898 3258 2012 3349 illud

233 3467 235 3470 ·
339 3425 488 3518 'verba
514 3424 596 3512 fini
621 3416 758 3540 partis
786 3415 1206 3538 primae'adscripta
1236 3427 1394 3545 (191):
1448 3425 1683 3544 „Explicit
1711 3399 2010 3551 cementarios

350 3619 517 3703 „unus
594 3585 706 3678 Inci
743 3577 1041 3671 cementarius
1077 3583 1203 3706 alter,
1249 3596 1334 3712 qui
1364 3603 1435 3679 est
1461 3591 1774 3683 novissimus?
1805 3575 2014 3712 Quies?

341 3756 477 3898 'quod
515 3783 602 3842 noo
604 3755 815 3838 intimum
850 3749 975 3838 huno
1014 3754 1184 3868 excipit
1221 3757 1279 3843 ιιι
1263 3775 1348 3862 t,er
1390 3755 1587 3879 Ideoque
1616 3761 1839 3847 'recentior
1867 3747 2022 3848 etiami

350 3917 503 4012 Liber
525 3919 822 4021 Caesulenus,
853 3947 989 4034 quem
1021 3921 1178 4007 ceteris
1206 3885 1508 4041 antiquiorem
1538 3955 1632 4014 esse
1656 3923 1898 4012 verisimile
1929 3947 2015 4034 est,

212 4165 221 4178 ,
353 4085 519 4204 aliique
541 4070 717 4199 plures,
740 4075 853 4200 quus
876 4073 974 4166 vidi
995 4081 1193 4186 Parisiis,
1215 4085 1437 4173 vocabulo
1455 4080 1673 4173 Plateola
1691 4089 1808 4207 (194)
1833 4089 2013 4182 finiunt

345 4233 645 4376 Quae'1oitur
663 4251 818 4338 indes
838 4249 1058 4337 vocabulo
1078 4249 1214 4339 Enoc
1234 4281 1379 4368 usque
1406 4249 1464 4338 adi
1488 4217 1669 4340 linem
1655 4283 1706 4340 ιιι
1731 4251 1807 4339 illa
1833 4253 2017 4346 Gruten'

344 4395 623 4510 collectione
653 4417 1015 4531 conspiciuntur,
1054 4416 1445 4554 ιεεθιιιιοιιιειιιιι.
1522 4417 1667 4542 quue
1701 4420 2017 4515 exscribendi
2111 4417 2115 4422 ¹

356 4589 491 4678 etiam
506 4588 681 4678 ratione
698 4561 945 4724 probatura
966 4611 1080 4700 quae
1094 4583 1317 4701 aptista,
1348 4599 1490 4706 eaque
1509 4621 1636 4700 vera,
1665 4591 1718 4683 in
1735 4588 1875 4698 notis,
1899 4621 2015 4714 quae
