4722 5868
1154 517 1433 650 ...26:-

459 783 522 899 (pz
535 777 630 888 558.
643 775 845 894 540649.
858 771 967 887 550)
990 771 1327 887 inscriptiones,
1352 795 1502 886 neque
1521 783 1696 856 sanctus
1715 767 1912 856 Isidorus
1933 765 2031 886 ipse
2051 803 2130 862 un-

461 973 597 1062 quam
615 971 642 1031 a
663 971 736 1033 me
751 941 1081 1067 impetrabunt,
1111 953 1163 1024 ut
1186 937 1319 1024 hasce
1349 951 1477 1022 notas
1506 932 1560 1018 ab
1583 931 1663 1017 illo
1684 931 1919 1020 Ciceronis
1948 933 2131 1041 liberto,

459 1107 532 1194 vel
562 1107 782 1200 aSeuecu
803 1099 999 1234 quodam
1024 1131 1130 1198 vere
1152 1103 1358 1190 inventas
1391 1129 1487 1192 esse
1515 1095 1706 1187 credam.
1763 1098 2020 1204 LibrariOS,
2051 1105 2131 1220 qui

459 1271 598 1378 libros
627 1273 689 1358 ita
710 1269 999 1384 inscripsere,
1029 1266 1114 1352 hac
1138 1267 1363 1383 opinione
1390 1262 1551 1354 ductos
1581 1265 1740 1372 luisse,
1772 1265 1985 1384 equidem
2011 1265 2133 1356 haud

437 1437 652 1555 ,ambigo
710 1427 870 1553 Quum
900 1451 1050 1518 autem
1073 1430 1292 1518 librorum
1320 1429 1472 1518 nullus
1507 1433 1777 1548 reperiatur,
1807 1434 1889 1552 qui
1920 1451 2022 1520 ante
2047 1456 2136 1522 sae*

456 1601 606 1690 culum
630 1627 809 1684 nonum
836 1595 893 1681 sit
915 1592 1187 1708 descriptus,
1215 1590 1338 1680 haud
1367 1595 1429 1680 ita
1451 1597 1606 1714 magni
1626 1595 1815 1684 facimus
1832 1595 2014 1686 illorum
2039 1600 2134 1714 opi-

453 1767 630 1853 niones,
687 1759 953 1855 Librarium
978 1773 1226 1874 praeterea,
1274 1758 1357 1876 qui
1388 1757 1560 1857 ¹librum
1595 1759 1773 1886 scripsit
1805 1755 2130 1865 Casuellanum,

452 1953 734 2048 magnopere
748 1924 943 2020 ¹,coluisse
961 1920 1211 2038 Isidorum,
1234 1951 1291 2009 ex
1315 1923 1420 2010 loco
1446 1925 1510 2054 (ᾗ.
1526 1927 1603 2043 29)
1622 1941 1835 2038 excerpto
1866 1941 2006 2042 patet,
2040 1926 2133 2028 ubi,

458 2090 832 2182 commentarium
864 2085 1147 2210 distinguens
1177 2119 1203 2186 a
1235 2089 1588 2192 commentariis,
1626 2088 1724 2209 ipsa
1762 2084 1963 2196 ejusdem
1997 2091 2135 2176 verba

319 2319 323 2324 -
458 2261 536 2354 su'u
554 2257 683 2344 fecit:
716 2285 852 2373 quem
885 2285 1028 2374 quum
1062 2255 1196 2340 etiam
1231 2257 1503 2372 respexerit,
1534 2252 1590 2341 ad
1617 2254 1835 2350 Senecam
1864 2253 1915 2336 in
1942 2254 2048 2340 libri
2068 2259 2134 2342 iu-

454 2421 700 2539 scriptione
729 2439 858 2508 notas
885 2421 1112 2532 ,referens3
1147 2420 1367 2526 efficitur,
1399 2421 1710 2512 auctoritatem
1750 2417 1985 2532 opinionis
2011 2419 2133 2509 illius

408 2570 411 2578 ¹
450 2587 624 2676 librarii
637 2587 777 2680 unice
801 2581 1006 2698 pendere
1021 2613 1052 2674 rt
1074 2583 1260 2676 veritate
1286 2611 1470 2684 eorum,
1495 2609 1616 2698 quae
1637 2577 1835 2679 Isidorus
1857 2611 2134 2676 „commemo

454 2750 580 2834 ravit.
640 2746 700 2830 At
723 2748 762 2830 is
786 2745 993 2861 profecto
1018 2741 1110 2846 rei,
1140 2743 1242 2860 plus
1272 2773 1408 2862 quam
1436 2745 1641 2870 quinque
1675 2746 1860 2834 saeculis
1893 2765 1996 2834 ante
2024 2769 2135 2836 aete

455 2933 550 3000 tem
573 2941 700 2998 suam
729 2928 871 3013 actae,
897 2911 1088 2996 minime
1117 2907 1211 3006 fide
1244 2905 1410 3032 dignus
1435 2929 1499 2996 est
1524 2912 1659 3003 testis.

564 3091 610 3212 ᾗ.
641 3090 707 3175 59..
767 3084 855 3174 Sed
884 3087 1033 3202 plures
1059 3105 1165 3174 sunt
1201 3107 1245 3174 et
1262 3089 1495 3207 ¹graviores
1529 3091 1749 3195 rationes,
1796 3122 1917 3209 ¹quae
1946 3071 2131 3203 facient,

455 3277 506 3346 ut
540 3256 703 3358 abiis,
741 3253 822 3371 qui
855 3253 1081 3349 Tironem
1108 3271 1324 3352 ¹notarum
1350 3250 1516 3343 dicunt
1548 3256 1859 3362 inventorem,
1903 3255 2132 3348 dissentia-

455 3451 568 3511 mus
628 3418 761 3504 Certe
786 3418 1023 3534 inscriptio
1047 3417 1206 3506 Notae
1229 3418 1420 3507 Tironis
1439 3429 1498 3515 er
1529 3418 1729 3508 Senecae
1762 3425 1943 3508 nonin
1973 3456 2133 3518 omnes

350 3667 353 3678 ,
457 3604 611 3685 notas,
642 3609 751 3700 quas
775 3580 894 3676 liber
917 3581 1280 3699 comprehendit,
1303 3584 1509 3706 quadrat.
1576 3589 1838 3676 Posterieris
1875 3593 1999 3678 enim
2030 3598 2132 3682 aevi

455 3749 677 3838 vocabula
714 3747 775 3836 eis
796 3765 909 3836 ¹sunt
934 3747 1160 3850 immixta,
1191 3780 1304 3868 quae
1336 3767 1509 3834 tantum
1543 3750 1669 3836 abest
1704 3770 1755 3836 ut
1772 3753 1887 3841 Tiro
1916 3753 2131 3846 adhibue-

459 3915 536 4016 rit,
564 3934 693 4032 utne
714 3912 1006 4002 intellexisset
1032 3909 1229 4030 quidem.
1289 3909 1398 4042 Quo
1421 3913 1589 4000 factum
1618 3931 1702 4016 est,
1731 3932 1782 3999 ut
1803 3915 1989 4031 plurimi
2011 3915 2130 4008 hanc

462 4073 774 4162 collectionem
805 4075 1040 4195 Gregorio
1071 4077 1137 4162 M.
1158 4078 1453 4192 posteriorem
1491 4109 1587 4167 esse
1621 4100 1883 4184 censerent,
1921 4083 2130 4174 eandem-

460 4269 549 4361 que
576 4237 772 4356 Scaliger
790 4239 852 4355 (ᾗ.
866 4241 916 4352 6)
942 4242 1237 4357 imposturam
1255 4239 1442 4347 diceret,
1474 4273 1525 4329 ac
1542 4247 1781 4332 Peveretus
1808 4245 1986 4358 (Areval
2012 4281 2133 4338 com-

380 4425 383 4434 ’
460 4425 598 4495 ment.
626 4405 678 4489 in
711 4400 925 4489 Prudeut.
952 4407 1122 4522 Hymn.
1146 4441 1185 4528 9.
1222 4411 1373 4500 Perist.
1401 4439 1443 4500 v.
1469 4411 1537 4499 25.
1575 4412 1706 4502 T.11.
1744 4445 1789 4532 p.
1827 4413 1957 4529 1054)
2001 4438 2133 4510 notas

462 4571 778 4691 supposititias
800 4570 937 4660 etiam
970 4544 1157 4691 putaret.
1279 4637 1282 4643 -
