4778 5902
1128 563 1438 658 ,αὕη-

461 855 466 862 .
564 781 604 903 6.
635 779 730 895 346.
763 775 1023 898 ,salmasius
1040 773 1475 898 (EpistLudgAEat
1495 769 1613 866 1656.
1637 771 1696 866 L.
1708 779 1741 866 1.
1757 781 1842 898 Ep.
1857 781 1924 894 46.
1944 813 1988 901 p.
2014 771 2128 896 101)

449 949 608 1052 refert,
642 975 690 1036 se
718 975 776 1034 ex
791 944 1070 1063 praefatione
1098 942 1205 1032 libri
1230 938 1405 1060 antiqui
1426 939 1725 1047 intellexisse,
1752 961 1964 1034 notarum
1984 948 2119 1048 Tiro,

452 1116 690 1204 nianarum
706 1104 1020 1198 collectionem
1039 1106 1161 1217 jussu
1182 1100 1412 1217 cujusdam
1422 1103 1637 1224 Gregorii
1655 1107 1824 1224 Papae,
1852 1139 1989 1228 quem
2001 1109 2118 1200 Mo

450 1303 605 1404 gnum
633 1274 770 1362 fuisse
797 1270 874 1359 ille
897 1289 1044 1390 putat,
1069 1271 1249 1372 factam,
1280 1253 1414 1386 eique
1438 1263 1686 1358 dedicatam
1715 1299 1822 1360 esse.
1879 1271 1976 1391 Qui
2002 1275 2118 1364 liber

453 1442 494 1531 ai
521 1437 646 1530 idem
673 1438 781 1540 fuit,
809 1453 944 1553 atque
963 1435 1023 1537 is,
1049 1433 1213 1551 inquo
1240 1428 1540 1528 describendo
1564 1461 1690 1523 nunc
1708 1464 1956 1544 vereamur,
1982 1439 2116 1530 falsus

451 1623 525 1693 est
544 1605 614 1689 vir
627 1598 808 1691 doctus:
833 1599 886 1686 in
911 1627 967 1686 eo
986 1598 1111 1722 enim
1126 1596 1421 1721 nequejussi
1440 1594 1594 1699 ullius,
1612 1623 1764 1715 neque
1787 1597 2119 1692 dedicationis
2232 1671 2241 1688 .

416 1831 419 1838 ⁴
452 1767 544 1858 ulla
567 1768 618 1856 fit
642 1763 829 1854 mentio.
882 1761 964 1852 Sin
991 1761 1125 1872 alius;
1156 1758 1316 1849 eadem
1345 1759 1529 1848 fortasse
1556 1760 1763 1851 collectio
1793 1765 1950 1870 fuerit,
1980 1797 2115 1886 quam

448 1929 688 2057 puerilem
716 1921 927 2032 laborem
950 1927 1241 2048 praefationis
1269 1941 1425 2014 auctor
1456 1918 1589 2031 dicit,
1627 1944 1672 2016 et
1699 1947 1856 2046 postea
1888 1959 1934 2020 se
1966 1963 2115 2022 emen-

452 2096 586 2189 dasse.
606 2097 853 2216 profitetur·
1526 2209 1533 2220 ·

568 2265 734 2384 6547.
791 2266 865 2352 Ex
887 2289 943 2349 eo
965 2277 1134 2367 autem,
1163 2247 1289 2380 quod
1306 2251 1553 2380 Gregorius
1578 2257 1646 2348 M.
1670 2286 1791 2346 anno
1814 2249 1971 2349 DCIV
1991 2257 2114 2350 diem

454 2432 588 2536 obiit,
619 2429 957 2550 Gregoriusque
977 2427 1021 2512 ΙΙ
1048 2455 1170 2513 anno
1189 2423 1413 2514 DCCXV
1432 2419 1743 2542 pontificatum
1766 2423 1966 2541 occepit,
1997 2427 2116 2546 cogi-

449 2617 545 2699 tur,
571 2591 860 2712 praefationis
882 2608 1110 2676 auctorem
1124 2589 1291 2677 vixisse
1317 2605 1522 2704 tempore
1548 2587 1668 2672 inter
1693 2603 1864 2674 aunum
1888 2586 2048 2677 DCIV
2072 2609 2118 2678 et

451 2757 676 2874 DCCXV
703 2753 938 2864 interiecto
968 2747 1033 2869 (§.
1051 2749 1167 2866 548).
1232 2747 1372 2840 Unde
1401 2752 1586 2838 fortasse
1616 2751 1833 2868 suspicari
1861 2772 2017 2870 posset
2042 2755 2116 2841 ali·

454 2925 577 3044 quis,
604 2915 828 3008 Isidorum
848 2915 1166 3034 Hispalensem
1183 2917 1354 3034 ipsum,
1381 2916 1459 3033 qui
1476 2915 1577 3032 plus
1593 2916 1778 3036 triginta
1795 2921 1926 3008 annia
1944 2919 2113 3042 Grego·

452 3091 522 3174 rio
552 3077 617 3172 M.
634 3099 855 3198 superstes
882 3079 989 3184 fuit,
1018 3075 1151 3189 hujus
1174 3079 1452 3168 collectionis
1480 3099 1709 3170 auctorem
1735 3079 1893 3189 fuisse,
1919 3115 2113 3204 praeseri

440 3255 532 3341 tim
547 3242 673 3369 quod
694 3245 747 3332 i'n
770 3243 1001 3362 principio
1020 3238 1125 3330 libri
1139 3243 1313 3360 positus
1328 3245 1386 3334 sit
1405 3244 1531 3335 locus
1548 3263 1604 3336 c'x
1620 3246 1739 3336 illius
1752 3248 1927 3364 scriptis
1937 3249 1997 3366 (6.
2007 3249 2113 3364 541)

450 3416 550 3508 sine
577 3409 668 3498 ulla
696 3410 888 3498 auctoris
916 3408 1162 3496 montione.
1243 3409 1346 3530 Ego
1372 3439 1482 3500 vero
1509 3407 1618 3498 huic
1643 3411 1890 3500 sententiae
1920 3411 2112 3500 minime

450 3576 679 3668 assentior.-
742 3575 909 3693 Neque
941 3573 1065 3660 enim
1088 3569 1253 3660 Isidori
1283 3573 1426 3660 oratio
1462 3569 1576 3664 adeo
1600 3576 1804 3666 incomta
1836 3595 1916 3680 est,
1955 3599 2111 3695 neque

446 3756 658 3830 notarum
684 3727 948 3856 cognitione
979 3735 1018 3822 is
1045 3731 1245 3826 imbutus
1269 3725 1357 3824 luit
1377 3733 1440 3855 (ᾗ.
1453 3737 1545 3852 61).
1600 3742 1833 3832 Praeterea
1854 3742 1926 3851 (in
1951 3738 2112 3868 Origi.

444 3894 610 4012 nibus)
630 3899 831 4017 plurium
856 3920 1066 3990 notarum
1092 3899 1412 4022 etymologiam
1435 3898 1573 4024 habet
1601 3927 1784 4022 prorsus
1809 3899 2030 3994 diversum
2053 3907 2109 3996 06

445 4065 542 4169 1110,
568 4065 756 4182 quaein
781 4083 991 4154 notarum
1020 4064 1285 4154 collectione
1306 4061 1504 4152 traditur.
1560 4061 1785 4155 Exilium
1803 4065 1870 4151 illi
1893 4067 2042 4188 (Orig⁶
2054 4071 2104 4158 V.

442 4203 522 4346 27)
543 4227 670 4345 quasi
685 4235 828 4316 extra
848 4224 1028 4334 solum;
1054 4227 1163 4318 huic
1184 4231 1239 4317 ab
1259 4225 1352 4318 Alo
1377 4217 1644 4350 (65096101.
1703 4231 1836 4322 Iecur
1856 4231 1931 4320 ille
1941 4235 2039 4338 (XL
2060 4239 2106 4346 1)

347 4425 354 4432 ·
442 4397 498 4482 ab
528 4423 583 4482 eo
610 4387 754 4500 ducit,
786 4394 916 4515 quod·
936 4397 1069 4519 ignis
1089 4385 1163 4483 ibi
1183 4383 1365 4482 habeat
1389 4389 1571 4500 sedeam
1599 4393 1711 4482 haee
1735 4423 1760 4480 0
1786 4389 1881 4484 Cor
1903 4397 1967 4514 (ᾗ.
1988 4395 2105 4506 560).
2129 4479 2131 4484 ,
2155 4405 2157 4412 ’

441 4555 645 4646 Arunda
675 4560 743 4648 illi
770 4581 860 4666 est,
890 4561 1013 4680 quod
1049 4559 1149 4654 ciio
1174 4567 1365 4652 arescet
1387 4562 1635 4680 (xV11,7);
1673 4555 1785 4650 haec
1813 4592 1916 4652 cum
1944 4563 2105 4682 aspira-
