4756 5924
1125 623 1443 748 ..430..

451 861 562 950 tiam
587 853 705 954 mihi
728 873 905 974 patere,
936 849 1071 939 etiam
1106 844 1297 952 Graecas
1323 845 1476 976 {egere
1502 873 1577 934 me
1603 840 1787 957 docuit;
1814 843 1942 964 quod
1965 877 2123 966 pauca

454 1053 557 1112 rum
579 975 793 1108 horarum
816 1019 962 1135 spatio
991 1043 1048 1102 eo
1073 1013 1335 1132 prosperius
1358 1010 1590 1114 successit,
1618 1038 1712 1127 quo
1739 1009 1963 1100 faciliores
1996 1011 2126 1100 intol-

452 1187 575 1277 lectu
610 1201 735 1288 sunt,
770 1180 1133 1298 Tironiauisque
1161 1171 1480 1292 simpliciores;
1521 1168 1748 1293 siquidem
1775 1201 1998 1292 syncopas
2024 1205 2125 1270 nou

454 1349 647 1468 habent,
674 1367 807 1478 atque
829 1361 1040 1436 accentus
1057 1359 1102 1440 et
1120 1340 1303 1462 spiritus
1322 1333 1520 1466 adpositi
1533 1337 1725 1446 faciunt,
1753 1358 1807 1442 ut
1825 1339 1879 1436 iu
1898 1339 1953 1432 iis
1974 1339 2123 1474 legen.

453 1513 525 1607 dis
554 1517 708 1604 minus
738 1509 869 1600 facite
901 1507 1039 1598 errati
1066 1503 1222 1626 possit.

567 1679 609 1798 ᾗ,
639 1677 738 1794 461.
786 1677 906 1776 Ante
924 1674 1079 1762 omnia
1096 1673 1272 1761 fontem
1290 1649 1596 1762 describamus
1613 1670 1789 1791 ipsum,
1814 1701 1874 1761 ex
1889 1700 1981 1791 quo
1990 1671 2123 1774 Grae.

451 1872 528 1938 cas
557 1837 973 1962 tachygtaphorum
1001 1856 1130 1925 notas
1155 1835 1399 1940 hausimus.
1463 1835 1612 1948 Hujus
1637 1835 1744 1925 libri
1773 1837 1959 1942 noddo,
1985 1869 2124 1958 quam

454 2005 765 2100 Montfaucou
777 2001 1024 2124 (palaeogr.
1033 1997 1112 2108 Gr.
1122 1998 1227 2112 551)
1256 2019 1301 2091 et
1321 2022 1524 2098 auctores
1547 1999 1713 2091 indicis
1732 2003 1954 2090 librorum
1972 2035 2127 2094 manu-

454 2171 729 2292 scriptorum
758 2166 1063 2270 bibliothecae
1091 2167 1352 2258 Parisiensis
1386 2169 1472 2281 (II.
1499 2164 1597 2287 599.
1628 2195 1675 2254 n.
1700 2166 1845 2290 5052)
1881 2161 2124 2273 dederunt.

456 2363 601 2458 quum
624 2361 724 2420 non
748 2329 963 2420 omnibus
989 2329 1190 2431 numeris
1215 2329 1417 2421 absoluta
1437 2333 1495 2421 sit
1502 2371 1516 2447 3
1553 2329 1766 2420 hocloco
1791 2333 2036 2423 accuratius
2065 2333 2126 2425 de

458 2531 515 2592 eo
545 2525 687 2620 agam.
740 2492 840 2614 Qui
863 2525 991 2584 nuuc
1015 2495 1059 2592 ei
1090 2525 1307 2588 numerus
1326 2515 1396 2588 est
1420 2495 1557 2602 3052,
1596 2492 1706 2582 olim
1723 2491 1839 2608 3514-
1858 2495 1957 2584 fuit.
2014 2498 2126 2589 Scri.

454 2685 561 2786 ptus
590 2659 729 2760 estin
754 2657 1016 2770 membrana
1039 2659 1211 2764 formae
1233 2657 1511 2762 octonariae,
1551 2656 1842 2777 plagudasque
1869 2662 2128 2780 complecti,

457 2849 532 2918 tur
558 2841 741 2912 centum
761 2821 1094 2944 quinquaginta
1111 2820 1233 2911 duas.
1291 2823 1348 2910 In
1369 2839 1635 2943 tegumento
1661 2839 1840 2939 praeter
1861 2853 1983 2912 arma
2008 2829 2127 2950 regis

457 2987 673 3080 Francius
693 2985 866 3084 nomen
884 2985 1293 3085 ΕΡΜΟΓΕΝΟΥΣ
1319 2985 1588 3105 impressum
1608 3005 1695 3100 est3
1718 3005 1912 3078 attamen
1929 3021 2029 3080 non
2048 2990 2130 3084 hu-

455 3155 526 3280 jus
554 3153 726 3258 solum,
765 3179 924 3242 verum
953 3151 1145 3242 aliorum
1177 3153 1312 3242 etiam
1341 3168 1576 3241 auctorum
1603 3155 1768 3272 scriptu
1798 3157 2017 3258 continet.
2074 3161 2130 3248 In

457 3322 604 3444 prima
641 3318 825 3442 plagula
858 3315 1091 3436 incipiunt
1126 3303 1465 3446 Prolegomena
1502 3313 1801 3429 γωνίαι,
1827 3324 1875 3414 X
1906 3325 2136 3442 capitibus·

460 3481 802 3602 comprehensa.
848 3469 1039 3596 (Edidit
1057 3513 1109 3574 ea
1125 3483 1430 3604 Montfaucoq
1454 3487 1505 3574 in
1522 3485 1730 3578 biblioth.
1748 3489 1939 3582 Coislin.
1965 3521 2012 3610 p,
2030 3488 2129 3614 590,

456 3641 540 3746 sed
562 3675 620 3738 ex
641 3643 729 3738 alio
745 3645 864 3746 libro
889 3651 1197 3770 manuscripto
1216 3681 1262 3740 u.
1278 3683 1349 3758 10,
1369 3653 1422 3740 in
1449 3681 1541 3772 quo
1563 3683 1662 3742 non
1688 3655 1918 3778 integrum
1947 3674 2014 3748 est
2038 3656 2130 3748 hoc

459 3814 766 3940 opusculum.)
817 3781 932 3904 Inde
955 3845 981 3906 a
1002 3815 1182 3937 plagula
1212 3848 1263 3926 17
1287 3815 1500 3936 leguntur
1520 3813 1790 3910 Posteriora
1816 3847 1898 3908 sex
1913 3789 2128 3940 Apheka..

440 3988 535 4080 'nir'
551 3985 1012 4114 progymnasmata.
1063 3981 1119 4072 In
1136 3979 1316 4101 plagula
1339 4007 1394 4070 ιι.
1420 4012 1572 4072 aversa
1591 3981 1776 4072 taudem
1790 3985 1995 4103 sequitur
2010 3985 2127 4081 Har.-

459 4152 674 4272 mogenis
699 4179 784 4239 ars
808 4143 1065 4243 rhetorica.
1135 4147 1275 4248 Porro
1310 4147 1362 4244 in
1389 4147 1506 4269 plag.
1532 4147 1589 4235 60
1620 4131 1908 4248 Parecbolae
1931 4152 2026 4244 siva
2053 4181 2139 4246 ex.-

372 4367 374 4374 ,
458 4321 630 4435 carpta
653 4309 716 4402 de
744 4308 1033 4430 definitione
1061 4302 1336 4418 rhetorices,
1366 4329 1450 4408 cet.
1509 4311 1564 4400 In
1590 4310 1650 4430 pl.
1669 4311 1725 4400 62
1755 4339 1908 4402 aversa
1932 4310 2128 4414 Hermo.

461 4478 614 4598 genis
625 4487 1092 4608 progymnasmata,
1122 4481 1266 4598 (quae
1296 4505 1354 4568 ex
1373 4477 1491 4568 libro
1514 4484 1820 4602 manuscripto
1841 4483 2128 4580 Taurinensi

461 4637 608 4732 edidit
634 4643 819 4742 Heeren
843 4648 895 4740 in
921 4642 1329 4774 Bibiioth.„antiqu.
1345 4643 1457 4746 liter,
1476 4663 1520 4738 et
1548 4664 1626 4751 art.
1647 4677 1730 4743 rur
1752 4663 1797 4746 et
1820 4648 1911 4758 tx).
1945 4644 2140 4768 sequi..
