4778 5902
1109 565 1421 660 -516-

545 775 586 914 §ss
615 789 712 906 354
766 790 943 876 Praeter
960 781 1121 888 libros,
1149 811 1264 904 quos
1284 775 1425 869 modo
1448 773 1687 896 descripsi,
1714 779 1898 871 Parisiis
1919 815 2104 909 quoque
2196 835 2201 842 ·

432 975 576 1048 exstat
599 957 902 1076 fragmentum
927 946 1229 1047 collectionis,
1259 939 1434 1036 duabus
1459 961 1633 1032 tantum
1661 943 1858 1064 plagulis
1885 971 2109 1059 constans,

433 1151 551 1242 qnae
569 1119 624 1208 nd
642 1113 945 1208 muniendum
963 1107 1126 1200 Isidori
1146 1111 1312 1199 librum
1330 1107 1392 1197 de
1415 1103 1603 1224 officiis
1622 1101 1961 1196 ecclesiasticis
1988 1113 2113 1204 adhi.

435 1287 558 1378 bitae
588 1301 705 1375 sunt
773 1281 865 1370 Hic
885 1280 1000 1367 liber
1024 1278 1168 1364 forma
1196 1291 1261 1361 est
1287 1274 1466 1384 majori,
1491 1273 1630 1358 literis
1655 1271 1918 1390 vulgaribus
1944 1280 2112 1367 saeculi

338 1457 350 1470 “
434 1453 551 1540 noni
581 1451 792 1570 scriptus,
821 1475 874 1536 ac
901 1445 1035 1562 signo
1057 1440 1123 1528 W
1160 1435 1237 1524 180
1265 1454 1456 1524 notatus.
1514 1434 1765 1551 Antverpia
1794 1436 1847 1520 in
1870 1437 2112 1530 bibliothe.

438 1649 536 1710 cam
561 1612 844 1735 imperialem
870 1605 1103 1694 translatus
1131 1622 1208 1691 est
1250 1603 1585 1722 'Fragmentum
1605 1599 1759 1714 ipsum
1782 1599 1950 1717 incipit
1982 1634 2009 1690 a
2034 1637 2114 1694 no.

435 1786 561 1874 mine
592 1751 1045 1876 nabuchodonosor,
1071 1788 1203 1890 atque
1227 1767 1280 1852 in
1309 1762 1440 1850 tertia
1468 1760 1637 1880 pagina
1669 1757 1773 1846 finit
1799 1763 1991 1850 nomine
2012 1763 2112 1854 Ra.

428 1937 557 2064 fuel.
619 1937 816 2058 Quartae
837 1965 946 2026 vero
970 1936 1116 2056 prima
1134 1950 1244 2022 nota
1270 1946 1337 2018 est
1359 1918 1571 2012 Clemens
1576 1959 1596 2025 ;
1621 1953 1758 2042 quam
1781 1955 1898 2044 quae
1916 1957 2113 2047 sequun.

437 2130 512 2198 tur
529 2103 661 2209 aliae,
690 2133 789 2191 non
811 2099 976 2193 eodem
999 2099 1161 2192 ordine
1181 2093 1423 2215 dispositae
1443 2108 1570 2194 sunt,
1600 2121 1693 2210 quo
1715 2089 1839 2208 apud
1865 2093 2114 2190 Gruterum

438 2270 663 2392 leguntur.
737 2265 982 2388 Quaelibet
1008 2269 1176 2390 pagina
1211 2282 1316 2374 tres,
1331 2256 1563 2347 columnas
1599 2253 1749 2345 habet.
1830 2259 2114 2382 significatio

438 2435 678 2556 perpaucis
708 2433 829 2522 notis
864 2449 931 2522 est
962 2429 1196 2549 adscripta.
1980 2411 1984 2420 ’

554 2611 593 2730 ᾗ.
623 2607 721 2699 555.
777 2609 855 2696 De
889 2626 1100 2696 notarum
1127 2601 1470 2694 collectionibus
1494 2600 1597 2690 satis
1627 2631 1771 2719 quum
1797 2601 1964 2693 dixisse
1997 2607 2115 2698 mihi

442 2771 621 2875 videar,
649 2801 834 2892 pergam
854 2797 980 2856 nunc
1001 2764 1057 2855 ad
1084 2763 1404 2856 describendos
1426 2767 1585 2874 libros,
1616 2767 1782 2889 quibus
1807 2769 1969 2889 psalmi
1992 2777 2114 2868 notis

445 2933 711 3028 Tironianis
742 2933 897 3052 scripti
929 2932 1233 3022 continentur.
1300 2931 1433 3020 illum
1468 2929 1674 3053 quidem,
1712 2936 1795 3053 qui
1822 2933 2114 3058 Argentorati

444 3103 555 3194 olim
574 3099 683 3204 fuit,
711 3096 1092 3218 Guelpherbitum
1114 3117 1218 3220 post
1237 3099 1447 3220 migravit
1475 3098 1674 3210 (Goebel
1700 3097 1759 3187 de
1780 3121 1925 3194 notar.
1946 3105 1986 3224 §-
2000 3106 2040 3196 5.
2065 3109 2117 3198 in

443 3270 626 3388 Baring.
650 3265 757 3356 clav.
776 3261 886 3382 dipl
905 3293 950 3383 p.
969 3263 1091 3384 198),
1126 3263 1282 3354 videre
1315 3241 1526 3353 nondum
1558 3261 1675 3352 mihi
1706 3265 1911 3388 contigit.
1974 3269 2116 3363 Duos

445 3455 593 3525 autem
613 3429 791 3520 Parisiis
808 3429 1001 3549 inspexi.
1056 3428 1180 3518 Alter
1196 3432 1247 3517 in
1269 3427 1547 3518 bibliotheca
1566 3427 1609 3516 S.
1620 3429 1839 3518 Germani
1859 3433 1964 3538 fuit,
1985 3465 2116 3526 nunc

444 3603 496 3694 in
525 3593 750 3718 imperiali
776 3614 1041 3704 asservatur,
1094 3595 1204 3690 olim
1229 3624 1422 3686 numero
1452 3593 1549 3684 661.
1571 3621 1611 3684 2.
1640 3626 1768 3685 nunc
1804 3631 1888 3720 779
1919 3621 2116 3693 notatus

445 3766 573 3857 Idem
591 3763 667 3852 ille
687 3759 803 3850 liber
823 3781 907 3868 est,
937 3765 1082 3874 cujus,
1101 3765 1206 3853 licet
1231 3765 1398 3866 obiter,
1414 3754 1640 3848 Mabillon
1660 3758 1869 3875 (52.456)
1891 3765 2114 3855 meminit

447 3933 752 4024 Montfaucon
770 3929 900 4038 (bibl.
922 3927 1232 4019 bibliothecar.
1256 3930 1311 4018 II.
1341 3927 1469 4040 1138)
1494 3928 1687 4046 septimo
1715 3928 1895 4018 saeculo
1923 3961 2030 4019 eum
2060 3950 2117 4019 at·
2297 3937 2317 3958 ²

448 4097 627 4206 tribrrit3
665 4125 816 4214 neque
834 4093 897 4228 'id
921 4095 1106 4210 injuria:
1137 4111 1255 4184 certe
1283 4091 1584 4212 pulcherrirna
1611 4095 1887 4201 uncialium,
1917 4127 2034 4215 quae
2064 4097 2116 4183 in

449 4291 505 4354 co
526 4258 892 4378 conspiciuntur,
921 4263 1065 4351 forma
1081 4281 1286 4379 tempora
1305 4261 1600 4350 remotissima
1618 4262 1775 4383 arguit
1832 4265 2021 4353 Initium
2042 4259 2118 4350 de·

452 4447 529 4515 est.
603 4426 772 4544 Incipit
804 4427 1004 4518 enimin
1032 4427 1204 4544 psalmo
1233 4427 1419 4548 quint0,
1460 4409 1652 4547 finitque
1689 4428 1977 4518 confessione
2010 4423 2121 4516 fidei

729 4563 831 4757 a
870 4563 958 4754 a
1000 4559 1092 4763 s
1132 4609 1229 4698 -·-·-
1278 4557 1369 4742 ‚s
1406 4583 1502 4748 u
1544 4605 1643 4762 a.
1686 4651 1783 4692 -·
1821 4597 1907 4727 ν
1961 4608 2121 4758 aa
