4896 5890
970 648 1028 670 .-
1083 603 1168 716 237
1224 651 1281 674 .,

300 788 392 946 s·
452 786 543 965 9
589 812 923 920 ura-anim,
951 817 1130 924 mum,
1157 817 1294 922 mo,
1324 817 1483 926 Βίοις,
1510 821 1618 929 Ru,
1651 824 1783 936 Has,
1811 829 1964 941 1³in,

301 1025 368 1162 q,
451 1007 490 1172 q
578 1036 623 1161 ,χ
697 999 787 1186 9
846 1037 1054 1146 nanda,
1096 1039 1286 1152 annm,
1315 1043 1574 1154 Runde,
1602 1051 1816 1147 uanam
1847 1058 1964 1170 (25),

296 1259 376 1328 cet.
435 1237 741 1358 Quantumvis
759 1255 909 1326 autem
930 1266 1095 1358 operae
1117 1239 1175 1328 ad
1195 1239 1556 1360 perspiciendam
1582 1227 1714 1366 atque
1740 1253 1965 1372 explican-

293 1403 397 1496 dam
418 1433 596 1496 causam
617 1402 779 1521 puncti
803 1399 981 1494 diverso
1001 1403 1142 1502 modo
1165 1408 1218 1494 in
1241 1405 1367 1498 hisce
1391 1411 1510 1510 uotis
1532 1411 1737 1502 collocati
1766 1425 1966 1514 contule-

291 1575 402 1683 rim;
444 1597 606 1688 aquam
630 1588 782 1678 tamen
810 1568 927 1658 mihi
951 1567 1156 1682 haerere,
1191 1571 1393 1693 ingenue
1419 1572 1572 1686 fateor.
1642 1577 1809 1698 Neque
1837 1583 1963 1675 enim

291 1738 331 1825 is
362 1765 482 1844 sum,
524 1735 604 1854 qui
639 1734 867 1836 omnium,
911 1760 1026 1872 quae
1056 1763 1082 1820 a
1113 1737 1340 1856 veteribus
1367 1739 1568 1836 ,instituta
1604 1761 1728 1856 sunt,
1765 1746 1963 1840 rationes

291 1898 481 1989 reddere
505 1895 621 1986 mihi
646 1927 831 1986 sumam.
890 1893 1082 1986 Causam
1103 1929 1236 2010 vero,
1267 1907 1470 2024 quamvis
1491 1907 1731 2015 occultam,
1760 1907 1962 2018 subesse,

294 2097 352 2156 ex
377 2063 687 2182 superioribus
710 2061 930 2180 exemplis
948 2064 1171 2174 conjicere
1195 2067 1321 2183 licet;
1350 2100 1502 2189 neque
1524 2068 1737 2192 despero,
1766 2075 1864 2163 iore
1890 2059 1964 2164 ali-

292 2259 430 2350 quem
447 2225 711 2346 aliquando,
742 2226 823 2344 qui
841 2228 1200 2348 qualemcunque
1216 2260 1369 2320 meum
1389 2231 1590 2326 laborem
1612 2235 1664 2322 in
1680 2266 1812 2327 suum
1828 2264 1966 2330 usum

292 2411 580 2514 convertens,
607 2388 797 2506 reliqua,
827 2417 942 2518 quae
978 2417 1064 2509 ego
1102 2389 1289 2508 quidem
1321 2395 1544 2516 explicere
1571 2428 1775 2522 nequeo,
1804 2404 1963 2514 majori

289 2555 449 2673 judicii
477 2555 686 2666 acumine
716 2571 1010 2674 persequatur
1043 2572 1087 2642 et
1112 2554 1326 2676 perficiat,
1384 2519 1386 2524 Ι
1651 2523 1656 2538 ’

404 2977 442 3093 d.
471 2973 568 3066 260.
625 2973 801 3096 Quanti
825 2974 963 3096 igitur
982 2973 1157 3064 intersit
1176 2969 1607 3094 tachygraphorum
1631 2973 1792 3090 puncti
1813 2974 1961 3074 statio-

289 3169 398 3230 nem
425 3158 574 3240 sancte
611 3168 812 3243 servare,
850 3139 925 3228 vel
959 3169 1018 3227 ex
1051 3167 1105 3226 eo
1137 3157 1279 3257 patet,
1319 3135 1465 3257 quod,
1504 3164 1648 3256 quum
1674 3127 1791 3224 duae
1823 3153 1959 3228 notae

289 3297 547 3424 jungendae
576 3323 706 3409 sunt,
749 3302 1021 3422 alteriusque
1047 3321 1271 3420 punctum
1294 3301 1350 3390 ab
1375 3303 1508 3408 altera
1534 3300 1816 3410 abeorbetur,
1845 3297 1960 3400 haec

289 3469 442 3588 ipsum
466 3466 659 3578 absumti
685 3467 848 3588 puncti
874 3431 1028 3556 locum
1051 3435 1278 3586 'occupare
1307 3463 1454 3555 debet.
1524 3462 1799 3583 Exemplum
1821 3461 1961 3555 habea

204 3691 207 3696 ·
288 3633 341 3720 in
366 3650 475 3720 nota
502 3625 654 3766 4-
688 3675 747 3704 ==
776 3627 977 3748 Tempus
998 3601 1256 3756 antiquum
1275 3631 1413 3742 (ιο),
1440 3659 1555 3750 quae
1582 3659 1640 3720 ex
1664 3627 1837 3718 duabus
1866 3666 1960 3716 ..-

292 3837 348 3868 ==
371 3793 569 3912 Tempus
591 3798 686 3905 (52)
718 3815 763 3884 et
782 3797 824 3908 4
845 3794 1158 3922 -Antiquur
1179 3800 1246 3918 (9)
1268 3795 1571 3914 componitur.
1627 3792 1777 3912 Atque
1805 3821 1861 3880 eo
1878 3793 1959 3880 im-
2038 3873 2045 3888 .

270 3927 478 4082 ⁴pensior
497 3987 603 4046 cura
624 3955 835 4056 habenda
856 3975 942 4062 est,
971 3975 1023 4047 ut
1047 3958 1160 4070 justa
1177 3961 1339 4078 puncti
1362 3959 1492 4049 statio
1510 3974 1729 4060 seruetur,
1759 3983 1851 4075 quo
1870 3983 1960 4060 ma-

290 4125 359 4236 jus
382 4115 624 4208 discrimen
654 4137 721 4208 est
746 4121 1014 4234 notionum,
1044 4122 1126 4210 ubi
1150 4142 1373 4244 punctum
1406 4155 1463 4214 ex
1490 4123 1594 4212 loco
1623 4150 1706 4212 suo
1738 4139 1959 4210 movetur.

291 4281 504 4402 Exempli
521 4281 662 4402 gratia
682 4313 825 4401 quum
850 4303 961 4398 nora
992 4321 1072 4356 ο·-
1102 4287 1379 4408 significetur
1404 4315 1576 4396 nomen
1602 4281 1822 4401 Tempus,
1851 4298 1975 4390 nota,

291 4480 400 4540 vero
426 4498 525 4536 .-·
548 4446 739 4536 verbum
764 4447 886 4554 Esa·
915 4447 1037 4540 aliud
1055 4451 1259 4570 profecto
1281 4467 1449 4572 ageret,
1477 4450 1576 4569 qui,
1591 4472 1597 4484 ·
1611 4445 1810 4567 Tempus
1831 4445 1960 4532 anti-

293 4644 437 4742 quum
459 4631 618 4712 notare
646 4613 824 4722 volens,
854 4611 1008 4706 sedem
1033 4613 1200 4726 horum
1223 4613 1548 4714 vocabulorum
1564 4630 1768 4712 mutaret
1823 4607 1961 4718 Loci.
2059 4614 2061 4620 ’
