4778 5902
351 795 355 798 .
444 853 583 928 rare:
622 827 762 934 (ress.
779 823 851 934 14)
884 803 1233 942 gubernacula,
1260 845 1344 940 pro
1357 897 1360 908 .
1375 806 1716 942 gubernaculis
1722 852 1755 919 ,n
1778 818 1912 926 (vers.
1935 818 2012 932 16)
2032 819 2113 940 ju.

447 987 618 1088 stitia,
638 983 995 1106 p1·ojnstitiae;
1018 987 1231 1100 pietate,
1250 1017 1336 1106 pro
1351 987 1564 1108 pietatis
1570 1023 1588 1088 ;
1612 980 1913 1092 immilitate,
1931 981 2116 1105 prolem

447 1141 709 1248 militatis,·
754 1147 890 1258 (vers,
917 1149 1190 1262 18)saeris,
1230 1183 1316 1271 pro
1347 1155 1563 1255 sanctis;
1602 1147 1793 1254 hortus,
1832 1181 1919 1268 pro
1955 1159 2090 1244 ortus
2101 1191 2120 1256 ,-

434 1319 584 1428 -(vers.
602 1314 684 1433 29)
704 1317 918 1421 imitari,
944 1347 1029 1435 pro
1056 1319 1255 1406 imitare
1259 1356 1279 1422 ,·
1317 1319 1454 1438 (vers.
1473 1313 1555 1432 30)
1577 1319 2001 1439 prospexissenua,
2028 1344 2114 1433 pro

440 1480 841 1600 perspexissem
851 1517 871 1584 ,·
903 1479 1257 1588 emendaretur,
1277 1477 1660 1600 pro-emendare,·
1698 1485 1834 1592 (vere.
1858 1480 1937 1592 51)
1959 1475 2116 1570 ltacte..

445 1671 557 1750 nus,
576 1675 662 1762 pro
684 1643 894 1732 actenus.
951 1646 1190 1738 tamenim
1215 1677 1322 1738 non.
1339 1647 1591 1744 laboramus
1620 1642 1678 1736 de
1703 1641 2115 1766 tashygraphomm

446 1806 699 1922 erroribus,
726 1805 808 1898 sed
829 1806 920 1896 hoe
943 1807 1089 1902 solum
1107 1811 1302 1932 agimus,
1331 1831 1403 1918 ut,
1433 1843 1548 1932 quae
1567 1814 1688 1904 notis
1709 1843 1817 1932 rere
1830 1814 2010 1920 insunt,
2041 1845 2116 1902 ex-

444 1973 683 2090 plicemus.
742 1973 927 2084 Maioris
948 1976 1081 2098 etiam
1108 1979 1331 2076 momenti
1357 1981 1409 2074 in
1433 1978 1718 2104 Carpentieri
1739 1976 2115 2094 interpretatione,
2277 1979 2282 1986 ’

446 2136 615 2238 menda
631 2159 753 2245 sunt,
778 2142 944 2260 quibus
962 2146 1184 2236 sententia
1198 2173 1380 2264 prorsus
1402 2145 1549 2238 aliena
1565 2143 1747 2234 exsistit,
1783 2143 1849 2232 Ita
1867 2141 1990 2262 apud
2004 2173 2111 2234 eum

443 2303 590 2428 legas:
631 2311 699 2427 (p.
712 2305 752 2400 5.
777 2342 819 2400 v.
832 2315 883 2426 4)
909 2303 1109 2420 ritibus,
1142 2341 1228 2434 pro
1242 2309 1465 2434 justitiis
1470 2345 1491 2412 ,·
1532 2307 1596 2430 (9
1619 2309 1672 2420 7)
1698 2303 1997 2418 inconsulta,
2026 2335 2113 2429 pro

445 2469 618 2562 inutili
628 2509 647 2577 ,ν
678 2474 759 2589 (11.
784 2472 861 2587 25)
884 2473 1120 2586 nondum,
1158 2504 1244 2595 pro
1267 2501 1353 2564 nec
1374 2467 1520 2572 dum,·
1557 2469 1652 2588 (ι7.
1670 2469 1725 2584 6)
1741 2479 1912 2578 stant,
1941 2501 2037 2591 pro¹
2053 2504 2115 2560 se.

447 2633 593 2744 dent;
621 2643 712 2757 (17.
727 2643 779 2757 7)
797 2651 1139 2761 procrearent,
1169 2671 1254 2762 pro
1279 2645 1650 2756 procurassent,
1690 2632 1847 2752 (17.8)
1867 2647 2113 2760 paganus,

446 2834 531 2920 pro
554 2807 764 2914 narsitem
802 2809 891 2921 (17.
911 2842 940 2928 9
962 2829 1006 2898 et
1022 2812 1099 2920 ιο)
1120 2814 1305 2930 posset,
1336 2834 1421 2921 pro
1443 2805 1714 2923 potuisset,·
1753 2801 1797 2915 (ι
1808 2833 1845 2914 7.
1871 2802 1954 2918 ιι.)
1984 2809 2117 2894 inno-

446 2973 572 3076 tuit,
599 3001 684 3089 pro
708 2971 896 3064 adserit
903 3009 923 3076 ,·
960 2966 1124 3088 (ibid.)
1147 2965 1441 3085 consectum,
1472 2997 1557 3088 pro
1577 2961 1887 3089 completum·
1924 2969 2016 3083 (17.
2037 2972 2116 3092 19)
2148 3053 2152 3058 .

444 3126 852 3252 superstantibus,
868 3167 954 3254 pro
972 3127 1415 3257 supersedentibus,·
1445 3137 1536 3252 (17.
1555 3135 1638 3249 ιο)
1658 3131 1827 3240 iidem,
1851 3151 1938 3252 pro
1959 3133 2114 3242 idem;

444 3301 535 3413 (25.
560 3301 636 3413 16)
651 3299 914 3408 desidiam,
935 3331 1020 3421 pro
1039 3301 1385 3424 desipientiam
1391 3338 1411 3405 ,·
1441 3297 1603 3415 (ibid.)
1610 3296 1872 3415 funditus,
1888 3331 1974 3420 pro
1989 3332 2113 3423 pon-

441 3462 658 3586 teficum3
687 3468 781 3583 (51.
796 3469 823 3556 3
840 3488 885 3558 et
903 3468 985 3584 δα)
1011 3465 1310 3588 nullatenus,
1334 3497 1420 3587 pro
1441 3497 1621 3595 neom,-
1649 3469 1744 3584 (57,
1757 3468 1810 3576 5)
1834 3461 2112 3586 supplicem,

440 3661 526 3752 pro
547 3627 953 3760 supplicatioms,·
988 3637 1080 3751 (37.
1101 3635 1194 3751 10.)
1215 3627 1681 3758 interpellationem,
1709 3663 1795 3754 pro
1818 3592 2112 3760 inquietudi„
2154 3713 2160 3722 .

392 3765 396 3773 ⁵
440 3827 547 3886 nem
557 3831 576 3902 ,⁹
612 3796 704 3912 (41.
726 3799 806 3916 20)
840 3798 1273 3910 animadversione,
1298 3831 1384 3920 pro
1412 3795 1876 3904 administrationes
1910 3797 2005 3908 (53.
2033 3798 2112 3910 26)
2157 3879 2159 3884 ,

439 3953 842 4089 subsignavimus,
867 3995 951 4085 pro
969 3959 1257 4057 subscribere
1262 4005 1282 4072 ,·
1309 3965 1403 4081 (57.
1422 3967 1503 4073 50)
1522 3959 1798 4072 Kalendas,
1826 3995 1918 4084 prov
1936 3957 2109 4054 Kalen·

440 4123 533 4228 das
558 4121 859 4236 Nouembrem
887 4129 981 4248 (87.
1001 4133 1052 4222 16
1072 4151 1117 4222 et
1136 4136 1216 4244 17)
1220 4123 1567 4248 firmantibus,
1586 4161 1671 4251 pro
1694 4127 1956 4238 Kalendis,
1971 4147 2052 4220 cet.

550 4303 598 4424 ᾗ.
637 4303 732 4417 564.
762 4325 765 4330 ·
795 4307 1047 4398 Plun'mum
1075 4339 1184 4398 vero
1211 4308 1361 4430 lapsus
1391 4327 1456 4400 est
1482 4309 1554 4396 vir
1578 4303 1759 4411 doctus,
1799 4307 1881 4395 ubi
1905 4335 1963 4397 ex
1986 4324 2112 4395 teno-

438 4499 486 4556 re
511 4465 811 4587 diplomatum
842 4475 1086 4566 verbomm
1117 4507 1300 4570 sensum
1324 4477 1582 4590 conjectura
1609 4476 1795 4598 assequi.
1816 4503 1916 4562 non
1942 4473 2106 4592 potuit.

439 4633 659 4752 Exempla
683 4633 821 4734 habes
839 4641 890 4768 in
921 4644 1186 4744 nominibus
1204 4647 1427 4770 propriis:
1453 4647 1627 4768 (ee-27
1654 4663 1699 4735 et
1721 4641 1867 4758 51·4)
1889 4635 2112 4766 Magna·
