4826 5890
812 509 838 630 ⁹,
985 558 1331 649 -141--

304 743 501 842 ..xm
535 783 594 818 -ι
621 735 869 861 Viam),
916 717 985 868 ἴ
1027 749 1312 840 -axa-
1333 743 1590 862 Paxos),
1626 697 1732 902 h„
1759 749 1981 868 -Lon

303 920 481 1014 DRum
502 951 562 984 2·-
582 907 803 1002 Lardzan
823 912 967 1030 (167),
993 861 1083 1050 ᾖ,
1115 914 1355 1006 -ALva
1374 909 1573 1002 -Aula
1578 945 1690 1035 ,pro
1708 913 1774 1006 Ol
1769 913 1979 1036 inoffi),

315 1037 396 1218 51,
436 1122 494 1156 a·
516 1026 1321 1271 1)ΧῑῙ-ι···1)ιιισ(95),ἣ,ι
1301 1123 1361 1153 -
1385 1079 1646 1192 amnne
1680 1123 1739 1156 -ι
1764 1078 1986 1210 Reccidit·

299 1246 461 1366 (157),
501 1189 592 1386 ‘Q
631 1287 690 1320 -ε
711 1245 898 1336 esca
882 1289 942 1322 -
972 1245 1123 1366 Spica
1145 1243 1302 1362 (157).
1356 1243 1572 1364 Inprimis
1604 1246 1841 1339 vocabula
1852 1247 1909 1338 ab
1941 1253 1990 1352 F,

300 1418 405 1506 stl’
435 1411 700 1508 inchoantia
730 1411 963 1508 literarum
987 1411 1249 1526 traiectioni
1274 1429 1382 1504 sunt
1408 1409 1623 1502 obnoxia.
1701 1408 1842 1524 Cujus
1876 1443 1979 1513 cau·

164 1559 170 1566 ’
301 1609 395 1672 sam
424 1583 477 1670 in
498 1577 718 1697 peculiari
732 1577 900 1670 horum
917 1579 1226 1673 characterum
1243 1581 1390 1670 forma
1416 1575 1723 1702 quaerendam
1744 1605 1842 1670 esee
1861 1578 1987 1670 arbi·

300 1769 407 1840 σοι.
479 1745 684 1865 Uterque
715 1745 841 1834 enim
870 1748 965 1836 sive
1001 1780 1061 1847 p
1088 1746 1184 1843 sive
1224 1761 1282 1850 Α
1313 1775 1372 1836 ex
1403 1741 1584 1834 duobus
1610 1762 1788 1834 tantum
1813 1743 1988 1852 celanti⁸

302 1911 513 2008 ductibus
536 1929 729 2019 constat,
772 1941 971 2034 quorum
1001 1913 1129 2032 prior
1159 1909 1348 2035 quidem
1375 1914 1479 2004 satis
1508 1913 1701 2036 longus,
1748 1916 1987 2032 posteriore

166 2167 171 2180 .
300 2099 451 2174 autem
468 2107 570 2167 non
589 2077 682 2167 nisi
703 2079 853 2173 brevis
867 2077 1032 2172 hamus
1059 2101 1144 2190 est,
1174 2079 1233 2172 ad
1247 2081 1406 2172 literae
1432 2084 1666 2202 sequentis
1683 2112 1863 2178 nexum
1885 2115 1976 2180 sns-

299 2245 567 2369 cipiendum
592 2273 755 2364 parum
774 2241 983 2334 idoneus.
1038 2243 1178 2336 Unde
1206 2246 1375 2336 factum
1397 2274 1494 2336 esse
1515 2247 1743 2364 suspicor,
1766 2261 1820 2338 ut
1840 2244 1987 2344 hisce

296 2414 436 2510 literis
455 2409 748 2516 characteres,
774 2409 859 2529 qui
880 2409 1011 2528 sequi
1032 2405 1248 2517 debeant,
1277 2409 1455 2530 saepius
1473 2426 1826 2528 praeponantur.
1881 2410 1987 2512 ce,

297 2585 366 2702 ius
395 2584 465 2674 rei
484 2579 695 2700 exempla
720 2607 803 2668 suo
831 2576 936 2676 loco
969 2575 1035 2694 (6.
1047 2577 1157 2698 209)
1181 2574 1438 2670 adferemus
1461 2577 1570 2672 satis
1597 2605 1839 2700 superque.

362 2793 372 2810 1
410 2749 455 2868 6.
475 2747 571 2860 167.
616 2745 772 2838 Plures
793 2745 947 2838 literae
969 2775 1066 2833 uno
1079 2743 1237 2840 calami
1247 2741 1390 2833 ductu
1404 2743 1468 2831 its
1485 2741 1605 2852 inter
1621 2769 1670 2834 se
1690 2761 1821 2862 apale
1840 2761 1973 2838 etna·

296 2947 403 3022 xae,
421 2933 474 3005 ut
490 2913 713 3036 integram
728 2915 928 3002 forment
949 2911 1184 3030 syllabam,
1205 2941 1243 3001 e.
1265 2942 1305 3032 c,
1325 2907 1378 3021 7
1387 2951 1444 2982 -ι
1461 2907 1531 2997 Pa
1546 2907 1674 3024 (28),
1695 2909 1775 3000 vix
1791 2874 1979 3042 patim·

296 3097 371 3172 tur
386 3073 517 3172 aliam
540 3071 674 3168 etiam
691 3073 865 3166 literam
883 3075 1035 3164 inseri.
1093 3075 1253 3200 Quum
1267 3076 1408 3198 igitur
1427 3105 1486 3166 ex
1506 3073 1583 3164 illa
1599 3095 1708 3165 nota
1728 3050 1786 3185 ³7
1802 3078 1969 3172 facien·

297 3241 410 3340 dum
435 3240 494 3330 sit
520 3233 636 3347 Pro,
666 3270 819 3361 neque
840 3241 1092 3338 intercalari
1114 3241 1258 3362 possit
1280 3239 1407 3340 litera
1427 3242 1492 3346 Pr,
1521 3239 1635 3332 haec
1656 3242 1878 3365 sequitur,
1906 3224 1982 3336 ita'

295 3401 348 3502 ut
377 3405 474 3498 Par
500 3399 688 3526 quidem
711 3405 948 3510 terimam
980 3383 1079 3520 Pas
1105 3428 1256 3510 autem
1277 3394 1524 3530 legendum
1545 3411 1612 3499 sit.
1669 3409 1967 3502 Documento

297 3518 1969 3725 suntnotaeif·(a)Rum-Prctum(15o),L)-P()()Ret

297 3783 356 3818 ¹·
394 3732 610 3838 Ptandct
628 3735 787 3852 (166),
817 3757 899 3836 cet
956 3739 1023 3832 Ita
1048 3742 1188 3840 etiam
1211 3740 1489 3838 Graecorum
1512 3737 1831 3862 tachygraphi,
1879 3765 1967 3860 προ

296 3923 343 3996 et
379 3933 469 4025 arpa
516 3901 784 4010 scribentes,
812 3903 952 3994 literis
980 3924 1017 3994 π
1046 3919 1165 4016 eto,
1216 3929 1247 3992 κ
1276 3922 1321 3992 et
1349 3931 1381 3990 a
1411 3937 1507 3996 uno
1537 3903 1693 3995 calami
1717 3901 1860 3998 ductu
1885 3897 1968 3998 ab.

296 4063 487 4172 selectis,
514 4063 624 4162 Rho
652 4065 947 4160 inserendum
975 4097 1285 4190 superponere
1313 4071 1520 4160 solebant
1538 4067 1740 4191 (6490).

243 4367 251 4374 .
412 4243 454 4365 ᾗ.
486 4239 578 4333 ι66.
634 4239 726 4334 Sed
750 4241 863 4334 haec
887 4243 1116 4336 literarum
1145 4245 1417 4362 compositio
1459 4261 1504 4334 ct
1536 4246 1798 4359 coniunctio
1822 4284 1966 4377 quan.

295 4411 462 4506 tumvis
488 4405 808 4532 tachygraphis
836 4409 1112 4532 expedierit,
1139 4407 1264 4500 haud
1295 4409 1396 4500 leve
1420 4429 1576 4502 tamen
1606 4443 1664 4504 ex
1693 4445 1746 4506 ea
1773 4417 1967 4540 impedi.

296 4594 503 4682 mentum
538 4593 688 4668 ortum
721 4594 817 4683 ast,
862 4606 959 4700 quo
998 4578 1150 4672 minus
1178 4581 1459 4676 Tironianae
1489 4583 1734 4707 scripturae
1770 4585 1965 4686 studiosi
2141 4713 2146 4732 .
