4896 5890
951 611 1012 631 -·
1063 593 1145 682 aar
1204 605 1268 630 -·

389 779 429 904 ᾗ.
459 763 556 892 282.
611 777 689 866 De
709 793 883 894 puncto
902 778 992 889 jam
1010 780 1111 868 satis
1130 775 1301 868 dixisse
1320 770 1436 864 mihi
1462 769 1635 868 videor,
1690 781 1864 894 Restat,
1893 805 1948 881 ut

275 980 327 1038 ea
345 949 481 1037 etiam
508 945 636 1063 signa
659 940 997 1059 compendiaria·
1009 971 1275 1062 persequar,
1302 969 1417 1060 quae
1443 933 1582 1031 literis
1609 947 1819 1063 primitus
1841 985 1947 1048 con.

274 1116 502 1216 stiterunt,
533 1137 818 1227 quorumque
847 1107 976 1195 statio
1003 1111 1055 1194 in
1084 1110 1206 1198 notis
1234 1107 1394 1198 itidem
1430 1125 1496 1198 est
1517 1111 1749 1206 notabilis·
1799 1121 1950 1214 Raris·—

272 1275 385 1366 sime
412 1271 538 1360 enim
560 1269 900 1361 terminationis?
920 1274 1155 1362 collocatio
1180 1271 1232 1359 in
1259 1300 1351 1361 una
1376 1270 1624 1394 eademque
1643 1295 1771 1386 nota,
1802 1309 1946 1402 quum

272 1437 443 1564 pluries
462 1433 694 1540 scribitur,
723 1439 883 1529 variat:
913 1435 1060 1557 quod,
1080 1433 1168 1527 ubi
1186 1431 1429 1556 aliquando
1446 1435 1520 1542 fit,
1543 1425 1695 1528 velex
1713 1446 1950 1568 negligem

271 1600 335 1692 tia
351 1601 630 1688 notariorum
648 1595 749 1687 lieri
769 1629 1031 1706 censemus,
1040 1600 1113 1691 vel
1132 1631 1189 1692 ex
1211 1625 1370 1692 eorum
1385 1600 1571 1708 fiducia,
1597 1601 1809 1712 similem,
1829 1635 1952 1729 quae

273 1759 499 1854 conbmdi
521 1762 687 1879 possit,
714 1783 874 1854 notam:
892 1797 990 1900 non
1017 1765 1221 1887 reperiri.
1276 1767 1461 1854 Etenim
1489 1753 1842 1869 constantissima
1868 1775 1944 1866 lex

271 1948 351 2034 est,
372 1929 611 2019 emtionem
629 1930 1000 2024 terminatiouum
1018 1937 1071 2022 in
1092 1933 1213 2024 notis
1239 1951 1390 2024 sancte
1408 1899 1693 2038 servandam,
1714 1962 1765 2022 ac
1784 1965 1845 2026 ne
1861 1939 1949 2028 mi-

271 2097 450 2186 nimum
478 2087 663 2213 quidem
691 2091 952 2184 mutandam
974 2126 1087 2187 esse·
1462 2215 1464 2226 Ι

387 2260 427 2376 §ss
457 2254 553 2348 285.
608 2256 809 2344 Primum
835 2253 976 2376 igitur
1005 2281 1267 2364 monemus,
1303 2250 1364 2386 in,
1383 2245 1476 2346 sol'a
1507 2257 1835 2352 terminationis
1863 2282 1942 2356 sta.

273 2425 401 2513 tione
421 2451 518 2511 eam
546 2447 680 2537 saepe
704 2419 799 2507 vim
823 2420 990 2546 inesse,
1019 2439 1069 2506 ut
1096 2391 1271 2538 praeter
1299 2421 1466 2523 literas,
1496 2448 1610 2536 quae
1639 2419 1690 2504 in
1717 2439 1826 2508 nota
1853 2453 1950 2511 cen·

272 2577 470 2690 nuntur,
496 2585 797 2673 etiam1Xaut
823 2583 870 2670 L
900 2611 952 2669 ea
973 2585 1262 2706 significetur.
1320 2583 1501 2705 Quibus
1523 2581 1703 2672 duobus
1725 2578 1948 2674 chamere

272 2749 397 2842 ribus
431 2743 680 2838 scribendis
717 2773 859 2865 quum
878 2741 1245 2868 'nonnumquam
1283 2737 1604 2870 supersedeant
1631 2735 1944 2868 t'acliyg'raphi‚¹

275 2917 500 3005 brentatis
531 2911 753 3016 studiosi,
792 2907 1121 3001 terminationis
1151 2915 1244 3002 situ
1271 2945 1347 3003 eos
1368 2904 1634 3017 denotant,
1667 2903 1945 3002 terminatio·

272 3112 381 3170 nem
417 3079 586 3166 scilicet
620 3077 682 3164 ita
717 3078 986 3197 pingentes,
1024 3085 1079 3166 ut'
1110 3089 1268 3168 not'am'
1306 3076 1609 3198 principalem
1635 3071 1939 3170 interscindit.

271 3243 456 3334 Literae
472 3235 658 3360 quid'em
686 3241 732 3328 X
759 3255 918 3329 natura
946 3271 1003 3331 ex
1021 3237 1415 3370 ejusmodiformis
1431 3229 1559 3328 ltaud‘
1576 3233 1771 3326 difficilis
1793 3235 1941 3329 estin.
2003 3215 2007 3224 ³

271 3407 472 3513 tell'ectu,
502 3405 676 3524 quippe
709 3429 825 3525 quae
855 3367 1028 3497 duabus
1062 3401 1200 3498 lineis
1226 3437 1320 3498 sese
1349 3399 1728 3494 intersecantibus
1753 3413 1945 3492 constat.¹

272 3573 435 3696 Q'uum
454 3570 592 3694 igitur.
620 3600 659 3660 e.
672 3601 709 3660 c.
732 3565 779 3664 ‘l
811 3589 877 3662 est
896 3571 976 3676 Ul,
999 3573 1133 3692 eique
1154 3569 1260 3660 addi
1283 3567 1420 3657 debet¹
1436 3571 1493 3666 tt,
1518 3543 1612 3652 una
1627 3577 1802 3650 tantum
1818 3562 1956 3698 linea

282 3745 439 3824 notam
466 3737 763 3826 intersecante
790 3755 1030 3855 opusest,
1047 3759 1138 3856 qua
1168 3729 1369 3826 adhibita
1410 3679 1497 3848 sq
1527 3771 1585 3802 a
1607 3721 1719 3816 Uttl
1745 3763 1805 3797 -·
1833 3726 1889 3818 V
1883 3730 1939 3819 ix

214 4007 220 4022 α
271 3899 464 4022 (94142)
478 3899 715 3992 formatur,
764 3903 828 3993 Ut
852 3921 1005 3992 tamen
1027 3902 1146 3992 haue
1169 3904 1303 3992 etiam
1325 3901 1493 3990 lineam
1514 3895 1765 4013 exprimere
1787 3921 1938 4010 super.-

273 4061 458 4160 sedeant
486 4063 805 4190 tachygraphi,
835 4071 929 4181 ejus
956 4071 1059 4160 loco
1085 4067 1403 4194 terminatione
1427 4080 1637 4163 utuntur,
1667 4086 1760 4175 qua
1780 4075 1943 4150 notam·

273 4225 619 4323 interscindunt.
689 4231 743 4325 E.
766 4268 801 4326 c.
830 4201 929 4378 {²5
962 4255 1028 4326 est
1049 4229 1272 4349 Notsia:
1307 4231 1429 4342 cujus
1454 4219 1710 4315 t'eiminatio
1741 4252 1768 4337 9
1794 4257 1853 4292 aa
1880 4253 1938 4308 us

275 4397 490 4490 cinctam
514 4401 771 4506 intersecat,
799 4422 852 4490 ut
878 4403 953 4489 fiat
979 4409 1104 4557 ᾗς,
1140 4399 1267 4487 litera
1289 4399 1335 4482 X
1363 4425 1418 4482 eo
1443 4387 1546 4514 ipso
1575 4381 1775 4492 additur,
1816 4399 1946 4476 nota·

277 4593 373 4683 que
384 4560 583 4688 legenda
606 4583 681 4660 est
690 4565 915 4682 Nealces
935 4571 1075 4682 (122).
1132 4559 1305 4656 Eadem
1324 4559 1500 4652 ratione
1527 4587 1584 4648 ex
1618 4565 1719 4666 vo
1755 4592 1812 4622 ε-
1837 4549 1946 4642 Uarr
2006 4595 2009 4608 ·

1255 4717 1313 4816 da
