4722 5868
1176 599 1434 701 „gd

460 821 553 918 Sed
567 852 730 944 parum
749 819 862 912 haec
884 839 1177 914 memorent.
1235 825 1402 943 Neque
1431 819 1556 910 enim
1578 817 1659 908 ulli
1678 835 1785 908 sunt
1800 849 1970 914 errores
1988 827 2128 944 perui.

462 995 678 1084 ciosiores
698 1010 786 1098 ,aut
813 990 1011 1109 pejores,
1049 1021 1184 1110 quam
1217 1016 1331 1110 quos
1367 987 1660 1076 committunt
1690 989 1777 1076 viri
1803 989 2059 1082 celebritate
2091 1013 2128 1086 et
2189 1101 2193 1108 ι

292 1227 299 1241 .
378 1281 383 1288 '
460 1155 724 1244 auctoritate
746 1155 808 1240 ita
828 1155 1088 1271 conspicui,
1114 1174 1167 1244 ut
1199 1154 1385 1243 cuilibet
1404 1154 1536 1244 facile
1559 1153 1812 1272 imponant
1871 1161 2131 1267 Errores‚a

459 1319 740 1450 quocunqne
769 1327 855 1414 orti
891 1328 1008 1432 sint,
1038 1329 1197 1449 magni
1226 1354 1404 1444 semper
1440 1340 1529 1426 est,
1570 1339 1622 1407 ut
1655 1317 1940 1441 detegantur,
1973 1325 2131 1418 liceto

403 1459 406 1466 ⁴
459 1494 684 1586 tironibus
708 1491 757 1580 id
782 1493 870 1581 fiat.
941 1488 1219 1613 Corrigendi
1245 1493 1399 1612 itaque
1422 1489 1605 1578 veniam
1631 1490 1848 1606 petimus,
1890 1491 2130 1618 damusque

455 1685 665 1748 tucrssnn.

564 1828 606 1945 ᾗ.
637 1857 676 1945 9.
735 1821 938 1912 Privatos
964 1819 1152 1944 quidem
1176 1821 1390 1916 homines
1418 1825 1498 1916 vix
1526 1827 1736 1946 reperiri,
1768 1827 1849 1948 qui
1876 1853 2047 1924 sumtus
2075 1835 2128 1928 ad

454 2025 573 2116 opus
605 1993 662 2081 de
699 1995 821 2082 notis
855 1995 1122 2083 Tironianis
1159 2013 1228 2082 tot
1264 1992 1595 2083 characteribus
1619 2025 1721 2083 aere
1753 2017 1797 2084 et
1821 1999 1949 2121 ligno
1976 2004 2129 2098 incisis

426 2227 430 2266 ,
452 2123 813 2280 imprimendum
833 2157 1021 2248 tolerare
1040 2161 1240 2278 possint,
1271 2158 1704 2250 Schoenemannum
1722 2185 1926 2256 nostrum
1942 2201 2040 2260 non
2067 2177 2130 2266 fu.

375 2370 378 2379 ·
451 2330 624 2454 giebat,
654 2346 908 2446 sperantem
930 2327 1068 2444 (Syst.
1088 2345 1165 2415 art
1188 2323 1297 2445 dipl.
1319 2329 1353 2416 l.
1377 2327 1501 2444 604.)
1530 2332 1630 2418 fore
1657 2351 1709 2419 ut
1734 2335 1919 2451 publice
1943 2343 2127 2438 tandem
2156 2411 2163 2420 -

448 2487 810 2612 suppeditentun
841 2490 1014 2578 Verum
1028 2494 1263 2580 enimvero
1278 2527 1421 2613 quum
1435 2529 1550 2615 quae
1568 2527 1694 2588 nunc
1715 2523 1821 2592 sunt
1837 2509 2127 2625 respublicae

446 2663 500 2752 in
518 2661 624 2748 alias
645 2687 714 2746 res
733 2685 954 2774 expensas
962 2656 1130 2742 saciant
1147 2683 1331 2747 necesse
1348 2661 1424 2774 sit3
1445 2681 1565 2750 tanta
1578 2665 1956 2792 spenequaquam
1971 2678 2125 2772 deten-

447 2845 522 2917 tus
550 2818 780 2942 impendii
808 2819 915 2908 licet
939 2821 1087 2942 gravis
1116 2841 1162 2910 et
1188 2822 1366 2912 molesti
1384 2829 1640 2944 periculum
1665 2859 1847 2956 egomet
1864 2843 1961 2959 ipse
1980 2873 2124 2940 susce-

448 2997 514 3117 pi.
593 2995 654 3084 Et
681 2985 781 3110 pari
811 2985 1000 3110 quidem
1024 2985 1170 3077 forma
1195 3007 1329 3110 atque
1359 2989 1523 3082 eodem
1549 2995 1691 3085 modo
1722 3031 1881 3094 omnes
1906 3011 2126 3128 paulatim

355 3245 365 3258 .
447 3165 827 3297 palaeographiae
853 3185 1023 3285 partes,
1058 3165 1153 3252 fato
1173 3163 1367 3266 ferente,
1396 3181 1581 3252 tractare
1602 3167 1755 3282 statui;
1793 3171 1855 3260 ita
1879 3133 1931 3262 ut
1957 3181 2128 3304 cuique

443 3343 578 3432 liceat
593 3335 707 3437 hoc,
739 3328 866 3452 quod
884 3357 1009 3416 nunc
1034 3326 1144 3432 ede,
1172 3327 1391 3458 volumen
1409 3353 1495 3445 pro
1515 3351 1642 3449 parte
1658 3351 1834 3427 tantum
1853 3344 1991 3434 totius
2018 3380 2128 3471 ope.

408 3634 412 3643 .
443 3514 505 3601 ris
523 3505 714 3605 habere,
745 3516 822 3585 aut
848 3495 1033 3614 reliquis
1060 3494 1234 3608 rejectis
1255 3523 1311 3582 eo
1335 3493 1432 3584 solo
1461 3495 1573 3601 frui,
1603 3501 1778 3621 quippe
1805 3510 1933 3627 quod
1959 3545 2044 3634 per
2075 3549 2129 3613 se

443 3679 676 3793 integrum
714 3691 867 3782 neque
900 3659 1218 3778 imperfectum
1250 3657 1501 3768 videbitur,
1543 3663 1583 3806 si
1613 3685 1711 3754 toto
1746 3673 2129 3802 palaeographiae

444 3869 585 3964 opere
607 3829 821 3924 nondum
837 3825 1070 3930 absolute,
1099 3856 1173 3913 me
1193 3824 1243 3920 id
1261 3828 1529 3919 molientem
1548 3859 1671 3923 mors
1689 3849 1986 3954 praevenerit

554 4003 595 4121 p.
630 4031 692 4088 ιο.
752 4001 825 4086 Ex
853 4027 947 4118 quo
977 4012 1184 4115 tempore
1219 3995 1350 4085 altius
1382 3995 1435 4082 in
1462 3995 1597 4110 hujus
1631 4003 1892 4121 scriptionis
1917 4007 2132 4111 nannum

441 4185 700 4296 penetrare,
730 4183 949 4284 notasque
969 4167 1021 4252 in
1043 4184 1212 4284 partes,
1243 4166 1409 4284 quibus
1424 4184 1654 4275 constant,
1684 4173 1910 4301 resolvere
1930 4186 2131 4296 tentavi,

439 4358 696 4455 numquam
717 4361 814 4417 non
838 4327 987 4460 dolui,
1016 4331 1215 4420 literatos
1237 4363 1423 4422 ornnem
1447 4334 1500 4422 in
1528 4334 1679 4425 lexico
1704 4339 1962 4433 Tironiano
1992 4379 2134 4469 spem

440 4499 684 4618 repositam
703 4489 870 4580 habere
891 4491 1030 4616 idque
1050 4493 1309 4586 avidissime
1337 4510 1595 4618 exspectare
1615 4501 1671 4621 (p.
1690 4501 1802 4616 82.);
1831 4507 2132 4621 potissimum

437 4695 582 4786 quum
607 4661 937 4785 intelligerem,
980 4667 1082 4755 artis
1109 4662 1429 4784 diplomaticae
1453 4667 1527 4758 vel
1556 4670 1876 4789 peritissimos,
1908 4674 2136 4781 eodum·
2172 4753 2178 4766 .
