4896 5890
965 601 1024 622 ...
1086 548 1166 678 ¹93
1220 599 1280 622 ...

400 763 440 894 6.
470 799 567 890 227.
625 767 726 892 Alia
746 795 884 887 porro
906 765 1196 859 audaciorum
1213 765 1443 860 scribendi
1462 769 1840 894 compendiorum
1857 805 1955 867 caua

284 959 332 1032 sa
351 942 438 1030 suit
465 935 875 1060 tachygraphor'um
892 925 1147 1053 persuasio,
1175 952 1330 1021 notam
1351 921 1444 1020 duo
1463 928 1682 1024 vocabula
1702 938 1955 1059 significan-

287 1118 399 1209 tem,
430 1133 624 1222 quorum
646 1091 825 1190 alterius
846 1099 1000 1188 literae
1032 1119 1190 1188 om'n'es
1220 1099 1314 1188 fere
1343 1100 1532 1188 omissae
1554 1116 1679 1206 sunt,
1710 1127 1768 1192 ex
1795 1097 1955 1210 altero,

284 1235 421 1388 quod·
440 1259 646 1356 notatum
673 1284 832 1370 exstat,
862 1293 946 1382 per
970 1262 1175 1352 idearum
1205 1264 1576 1352 consecutionem
1598 1263 1730 1349 facile
1761 1268 1956 1389 intelligi

283 1462 430 1552 posse.
502 1413 618 1518 Inde
648 1418 895 1518 Tironiani
923 1419 1220 1549 tachygraphi
1251 1459 1288 1518 e.
1317 1459 1353 1516 c.
1388 1419 1642 1516 scribebant
1691 1365 1861 1575 'Ja-
1882 1435 1955 1518 In-

283 1583 641 1712 (ter)l'(retatio)
662 1627 720 1657 -υ
737 1613 878 1680 arum
908 1635 967 1664 ===
987 1591 1333 1708 interpretatio
1358 1581 1639 1718 linguarwn
1659 1594 1806 1712 (mo);
1844 1625 1955 1716 quo·

283 1761 406 1848 niam
430 1773 603 1843 nomen
631 1751 978 1874 Interpretatio
1002 1746 1089 1869 iarn
1117 1747 1218 1850 satis
1254 1769 1484 1882 argueret,
1513 1783 1654 1848 arum
1687 1785 1780 1850 esse
1807 1761 1956 1850 termi-

282 1923 519 2012 nationem
546 1919 748 2008 nominis
777 1893 1096 2046 Linguarum'.
1153 1910 1326 2012 Eadem
1352 1911 1410 2010 de
1439 1943 1570 2010 causa
1593 1921 1819 2010 mensium
1844 1949 1953 2040 quo.

286 2115 376 2205 que
401 2070 614 2188 nomina,
660 2077 909 2205 perexigua
938 2105 1113 2176 tantum
1146 2077 1203 2174 ad
1233 2095 1362 2174 notas
1393 2074 1584 2192 iduum,
1632 2087 1882 2176 Nonarum
1908 2105 1961 2208 et

284 2233 622 2334 Kalendarum
640 2244 894 2363 appendice
915 2245 1103 2358 adjecta,
1133 2239 1468 2368 significabant,
1498 2273 1641 2366 quum
1670 2276 1727 2336 ex
1749 2249 1847 2365 ipsa
1871 2281 1952 2340 no-

281 2420 427 2500 tarum
454 2401 777 2531 principalium
803 2370 1133 2531 significatione
1156 2403 1380 2524 conjicere
1406 2407 1584 2514 liceret,
1612 2407 1687 2497 illa
1712 2407 1846 2500 etiam
1869 2443 1950 2502 no-

281 2566 407 2668 mina
422 2566 473 2664 in
492 2607 593 2668 com
611 2687 613 2692 Ι
629 2563 776 2666 endiis
798 2537 1027 2666 scribendi
1051 2573 1198 2664 latere.
1256 2569 1400 2696 Quod
1425 2575 1463 2664 si
1492 2571 1759 2692 Calpentier
1783 2580 1950 2668 tenuis

281 2749 369 2855 set3
396 2743 552 2831 notam
588 2607 765 2871 ῥυ-
793 2727 951 2856 K(l)N
969 2728 1057 2854 (57.
1084 2771 1125 2830 v.
1135 2730 1211 2851 50)
1243 2764 1342 2830 non
1365 2727 1641 2842 Kalendas,
1677 2735 1756 2828 sed
1777 2735 1952 2828 Kalen-

283 2903 376 2994 das
405 2897 681 2994 Novembres
710 2908 901 3029 legisset.
971 2898 980 2910 ⁶
1036 3029 1042 3036 .

395 3065 435 3192 ὗ.
465 3063 560 3166 228.
616 3068 810 3184 Eadem,
839 3103 975 3199 quam
1008 3070 1227 3184 diximus,
1255 3067 1312 3167 de
1343 3100 1474 3166 causa
1491 3069 1707 3194 plurimas
1728 3069 1951 3172 dictiones

281 3263 363 3332 seu
379 3229 592 3330 formulas
615 3235 706 3332 levi
726 3255 900 3334 tantum
924 3269 1076 3334 earum
1100 3237 1235 3334 initio
1253 3253 1424 3330 notatas
1448 3233 1657 3357 reperies.
1714 3239 1886 3330 Usitate
1905 3261 1949 3330 et

280 3411 382 3498 trita
422 3417 488 3498 est
521 3397 837 3501 Romanorum
878 3413 1069 3504 formula
1101 3411 1159 3502 de
1190 3403 1366 3533 legibus
1407 3403 1458 3494 in
1501 3399 1688 3525 publico
1718 3403 1949 3526 ponendis

286 3559 422 3662 Unde
447 3569 509 3662 de
532 3567 687 3688 pleno
710 3587 836 3664 'recte
866 3571 967 3704 legi
994 3579 1153 3696 possit
1194 3573 1349 3688 (Fulv.
1368 3568 1519 3664 Ursin.
1542 3551 1598 3660 ad
1621 3567 1705 3693 leg.
1735 3590 1780 3661 et
1809 3565 1851 3660 S.
1864 3573 1950 3660 Cta

280 3765 326 3852 p.
337 3729 405 3847 34.
433 3729 574 3859 Hugo
595 3731 652 3827 de
672 3732 820 3858 prima
838 3737 967 3832 scrib.
990 3741 1101 3864 orig.
1121 3760 1216 3860 207.
1243 3713 1501 3832 Brissonius
1520 3738 1578 3830 de
1603 3732 1780 3826 formul.
1800 3739 1859 3825 L.
1869 3737 1948 3826 III.

282 3922 327 4017 p,
356 3899 452 4018 309.
486 3895 551 3989 Id.
581 3902 639 3992 de
661 3907 797 3996 Verb.
826 3911 940 4032 sign.
977 3905 1096 3999 1063.
1146 3875 1377 4000 Boehmer
1410 3937 1553 3999 exerc.
1592 3901 1649 3994 ad
1682 3899 1746 3993 D.
1785 3901 1843 3991 T.
1868 3903 1944 3992 IV.

269 4062 455 4185 ·p.582).
513 4065 646 4159 Hanc
672 4062 970 4198 tachygraphi
991 4071 1235 4164 Tironiani
1257 4073 1396 4164 literis
1425 4043 1574 4208 Olli
1610 4109 1667 4141 ῦ-
1695 4068 1826 4158 UDP
1851 4065 1948 4182 (64)

282 4229 521 4344 notabant;
552 4251 659 4352 quas
681 4238 866 4355 quidem
888 4238 1040 4366 siglas,
1070 4273 1165 4332 non
1182 4247 1272 4334 nisi
1292 4239 1511 4332 vocabula
1532 4231 1669 4330 Vnde
1692 4237 1769 4327 De
1782 4229 1948 4324 *Plano

281 4395 553 4504 indicantes,
583 4397 684 4488 satis
709 4433 803 4493 esse
828 4403 1046 4524 putabant
1066 4407 1123 4497 ad
1150 4425 1289 4494 totam
1313 4399 1553 4494 formulam
1581 4397 1948 4524 significandam,

255 4594 397 4686 ¹quae
424 4562 582 4658 eadem
608 4564 799 4689 amplius
827 4573 1159 4692 exprimebatur
1186 4565 1444 4692 vulgaribus
1475 4571 1790 4666 Romanorum
1824 4563 1948 4688 siglis

1261 4733 1321 4830 25
