4722 5868
1139 591 1197 614 ...
1252 573 1307 663 44
1362 589 1419 610 ...

460 762 652 888 0110th
667 755 739 867 (t)
758 701 912 898 pst*-
940 747 1134 870 A(a)Qa
1161 791 1218 822 =·
1245 747 1392 872 Aqua
1411 744 1536 854 (120)
1562 691 1719 876 fiis
1737 737 1897 830 SLLa
1917 783 1974 810 2-
1994 738 2124 836 Sella

449 963 588 1160 oa)
620 1019 720 1176 tq
747 1072 805 1100 ==
833 951 1034 1134 aaron
1053 1067 1110 1095 -τ
1126 1019 1314 1112 attat
1337 1019 1444 1131 <aa
1472 947 1553 1212 Ξ
1574 1064 1631 1092 =·
1664 1019 1850 1118 caan.
1871 1065 1928 1098 ..-
1954 1013 2129 1110 cesar.

456 1247 531 1337 lus
554 1243 705 1354 (181).
760 1242 967 1326 Formam
997 1234 1198 1355 denique
1231 1236 1460 1326 literarum
1491 1233 1619 1354 quod
1649 1235 1827 1337 attinet,
1858 1197 1910 1322 eir
1939 1235 2128 1326 similior

455 1434 522 1503 est
545 1405 871 1500 characteribus
895 1402 1306 1502 monimentorum,
1336 1427 1452 1514 quae
1479 1415 1584 1484 sunt
1612 1395 1843 1516 prioribus
1873 1415 1978 1514 post
2001 1395 2129 1524 Chri·

442 1573 569 1666 'stum
598 1589 757 1658 natum
785 1564 973 1658 saeculis
998 1565 1224 1668 confecta,
1267 1589 1403 1681 quarn
1425 1560 1836 1664 monimentorum,
1875 1579 1979 1652 ante
2008 1559 2129 1654 hanc

447 1757 657 1828 aetatem.

448 1981 458 1992 ,
560 1897 602 2016 ᾗ.
631 1893 702 1984 53.
728 1855 731 1860 ¹
761 1851 851 1988 Sed
870 1889 1217 2010 perscrutandae
1240 1891 1515 2012 antiquitatis
1550 1910 1595 1980 et
1628 1891 1818 2014 originis
1854 1892 1989 2005 hujus
2028 1897 2132 1984 scri-

457 2065 629 2184 ptionis
648 2061 903 2182 periculum
929 2090 1082 2180 neque
1103 2059 1288 2148 ulterius
1311 2057 1544 2161 faciamus,
1575 2087 1803 2177 nequeas
1833 2063 2036 2178 quaestio
2066 2059 2131 2154 di-

456 2227 669 2346 ligentius
692 2243 842 2344 potest
859 2225 1048 2312 institui.
1110 2224 1267 2344 Quum
1296 2239 1446 2310 autem
1471 2220 1564 2332 ejus
1592 2222 1801 2310 interitus
1832 2242 2010 2312 nostrae
2031 2256 2133 2343 pro-

442 2349 561 2512 'pior
582 2391 637 2480 sit
660 2388 814 2499 aetati;
846 2384 1100 2474 distinctius
1132 2383 1257 2473 hunc
1285 2387 1474 2504 quidem
1506 2385 1860 2476 animadvertere
1878 2387 2018 2493 licet,
2053 2387 2133 2477 sed

450 2558 627 2676 sensim
657 2555 968 2674 paulatimque
997 2571 1173 2639 tantum
1205 2551 1662 2670 appropinquantem.
1722 2549 1866 2668 Quod
1895 2553 2130 2670 quomodo

457 2727 515 2812 sit
537 2723 725 2823 facum,
750 2749 912 2839 regum
941 2736 986 2806 et
1006 2718 1328 2835 imperatorum
1358 2710 1604 2830 diplomata
1632 2713 1805 2832 optime
1827 2713 2133 2828 declarabunt·

456 2894 533 2982 Ex
554 2889 609 2975 iis
631 2887 777 2990 enirn,
805 2903 1064 3003 postquam,
1095 2913 1211 3002 quae
1243 2881 1301 2972 de
1331 2899 1491 2970 natura
1521 2901 1565 2972 et
1589 2881 1978 2976 indolenotaumt
1997 2891 2132 2978 Tiro.

420 3075 422 3082 '
462 3057 699 3142 nianarum
731 3071 836 3141 sunt
863 3047 1209 3169 praemittenda,
1238 3049 1633 3166 proposuerimus,
1665 3051 1902 3142 ostendere
1930 3057 2133 3146 institue-

198 3233 250 3254 '·
347 3275 350 3284 2
460 3253 578 3329 mus,
607 3253 759 3312 veram
778 3251 934 3309 aarum
953 3215 1265 3338 cogni-tionem
1283 3213 1371 3326 jam
1392 3236 1587 3305 exeunte
1615 3221 1792 3308 saeculo
1819 3251 1948 3310 nono
1981 3222 2132 3312 labare

358 3479 365 3496 ,
453 3387 689 3504 coepisse,
716 3378 1043 3501 postmodium
1069 3407 1178 3466 vero
1205 3372 1454 3485 decimum,
1483 3382 1693 3499 inprimis
1720 3383 1896 3473 Ottone
1911 3385 1956 3472 ΙΙ
1990 3386 2133 3510 impe.

456 3559 627 3652 tutore,
655 3547 813 3636 ultima
837 3551 929 3659 ejus
953 3545 1142 3666 vestigia
1164 3543 1298 3661 plane
1323 3546 1557 3634 evanuisse
1585 3547 1888 3668 (§.431seq.).

452 3725 455 3730 Δ
572 3741 612 3859 ᾗ.
640 3735 709 3854 54.
766 3738 1009 3846 inveterati
1033 3737 1170 3858 igitur
1199 3739 1359 3826 erroris
1383 3736 1568 3827 liberius
1596 3767 1852 3830 accusamus
1877 3743 1999 3832 viros
2027 3747 2131 3836 artis

465 3903 777 4020 diplomaticae
804 3903 878 3990 vel
906 3901 1221 4020 peritissimos,
1248 3899 1576 3992 Benedictinos
1605 3905 1679 4018 (in
1708 3936 1815 3994 nov.
1838 3935 1912 4024 op.
1936 3906 2044 4027 dipl.
2068 3913 2134 4000 ΙΠ

465 4063 598 4180 571),
624 4065 904 4154 Gattererum
933 4065 1089 4182 (elem.
1118 4032 1183 4186 qq.
1213 4065 1290 4176 i),
1325 4065 1684 4164 Schwartnerum
1714 4077 1843 4186 (intr.
1868 4077 1918 4162 in
1952 4105 1987 4166 a.
2022 4075 2133 4198 dipl.

379 4331 383 4338 .
463 4231 670 4351 Hungar.
698 4257 815 4346 1790.
833 4229 889 4320 68
917 4232 956 4350 d.
970 4229 1038 4320 58.
1062 4230 1130 4344 a),
1159 4231 1415 4320 Gruberum
1433 4239 1605 4353 (systl.
1634 4265 1723 4354 141.
1746 4233 2133 4370 §27.142.§29)‚

464 4397 891 4486 Schoenemanuum
909 4400 1034 4512 (syst.
1044 4401 1077 4486 1.
1090 4397 1185 4518 597.
1209 4397 1247 4514 d.
1263 4397 1371 4511 164),
1401 4400 1980 4493 Schmidt-Phiseldackum
2001 4407 2133 4519 (inst.

455 4573 544 4652 'art
566 4562 671 4682 dipl.
692 4567 730 4684 ᾗ.
742 4561 801 4658 88
815 4565 870 4674 f.)
891 4581 972 4654 cet.
993 4561 1212 4656 dicentes:
1230 4565 1401 4692 ,Notas
1425 4565 1716 4662 [lironianas
1736 4576 1985 4700 insignis,
2003 4606 2132 4698 qrtae
