4722 5868
964 497 1373 628 ι--θατ---·

400 749 501 866 Ob,
538 747 1107 857 ermensendam
1139 758 1222 836 cet.
1250 773 1367 864 quae
1393 743 1489 832 fere
1515 765 1676 830 omnes
1711 755 1927 859 perverse
1954 757 2065 837 sunt.

395 937 779 1048 repraesentatae..
818 917 1051 1000 Praeterea
1079 941 1137 1000 ex
1161 907 1425 998 Mabillonii
1452 906 1628 1023 scriptis
1655 905 1829 1024 ubique
1854 907 2063 1028 intelligi.

399 1093 494 1196 tur,
520 1083 704 1180 nemun
718 1098 930 1172 notarum
953 1093 1046 1164 arte
1061 1105 1222 1194 parum
1234 1071 1310 1161 vel
1324 1070 1518 1160 omnino
1543 1083 1644 1154 non
1668 1067 1807 1156 fuisse
1822 1090 2063 1158 versutum.

397 1251 566 1370 Neque
584 1271 760 1368 ‚operae
785 1240 984 1359 pretium
1009 1239 1170 1330 fecisse
1193 1235 1404 1340 ridetur,
1444 1237 1527 1354 qui
1555 1237 1791 1353 proximus
1825 1237 1883 1324 ab
1913 1268 1969 1326 eo
2000 1255 2070 1334 est,

401 1412 668 1512 Goebelius,
697 1437 722 1492 a
746 1434 838 1524 quo
866 1401 1062 1516 (dissert.
1080 1399 1137 1489 de
1164 1403 1350 1489 notariis
1374 1401 1496 1519 1723.
1521 1400 1651 1518 §.HL
1676 1403 1727 1487 in
1748 1401 1935 1542 Baring,
1955 1402 2064 1492 clav·
2103 1427 2109 1442 .

398 1578 507 1697 dipl.
534 1605 580 1692 p.
604 1570 706 1690 198)
727 1587 862 1655 notae
892 1563 1080 1684 quidem
1111 1567 1415 1671 Tironianae,
1444 1563 1525 1654 sed
1561 1564 1721 1656 decem
1747 1585 1945 1674 tantum,
1974 1569 2068 1658 vul.

393 1758 522 1866 gatae
552 1727 668 1823 sunt.
753 1729 755 1734 ’

507 1903 549 2021 5.
581 1929 646 2016 77.
709 1888 977 1983 Subsidium
1014 1911 1136 1982 certe
1172 1893 1315 2008 majus
1333 1913 1378 1983 et
1417 1892 1583 2014 gratius
1618 1891 1827 1983 submisit
1866 1894 2069 2015 Carpen-

396 2078 560 2178 tierus,
587 2097 731 2190 quum
757 2093 883 2151 anno
898 2058 1268 2150 MDCCXLVII
1289 2025 1617 2178 Alphnbermn
1640 2059 1959 2150 Tli'ronianum
1987 2096 2067 2152 seu

395 2225 543 2330 netas
569 2227 760 2318 Tironis
787 2219 1073 2344 explicandi
1095 2219 1373 2313 methodum
1405 2221 1751 2336 (v.Act.E1ud.
1773 2226 1904 2344 Lips.
1941 2209 2063 2346 1'748.

255 2488 258 2492 ,
392 2433 442 2524 p.
455 2399 555 2524 477)
567 2391 735 2502 ederet.
759 2389 824 2478 At
840 2419 936 2484 rara
956 2403 1132 2476 tannim
1147 2355 1331 2478 materia
1346 2409 1394 2476 et
1411 2389 1687 2530 supellexin
1703 2388 1797 2478 hoc
1819 2424 1957 2510 opere
1970 2427 2067 2514 spe.

392 2563 557 2661 ctanda
580 2579 656 2650 est.
688 2557 829 2644 Licet
847 2553 971 2640 enim
989 2555 1279 2670 propositum
1297 2550 1471 2636 auctori
1489 2550 1644 2653 fuerit,
1659 2569 1757 2640 tum
1777 2573 1930 2662 notas,
1947 2589 2065 2678 quae

393 2735 450 2823 in
466 2723 737 2817 collectione
758 2713 944 2804 Gruteri
961 2711 1090 2802 nullo
1106 2741 1291 2832 prorsus
1311 2708 1473 2802 ordine
1501 2709 1747 2831 dispositae
1770 2700 1879 2806 suut
1900 2721 1962 2840 (fi.
1973 2730 2045 2837 70)

388 2842 457 2990 ’πᾶ
483 2923 620 2985 ‘usum
648 2883 792 3010 tnagis
811 2875 1174 2988 accommodare,
1202 2899 1301 2971 tum
1327 2877 1692 2997 diplomatarium
1709 2873 1950 2998 Ludevici
1970 2891 2064 2998 Pii,

393 3029 790 3154 notis'exaratum,
819 3051 872 3136 in
887 3049 1039 3140 lucem
1063 3079 1092 3138 e
1116 3048 1314 3138 tenebris
1335 3077 1519 3170 vecare3
1546 3047 1624 3136 ille
1643 3066 1794 3137 tamen
1814 3048 1875 3139 ad
1892 3053 2065 3146 ¹uanum
2120 3116 2151 3131 -
2176 3119 2187 3124 -

395 3247 443 3318 et
462 3221 640 3312 irritum
661 3210 868 3306 redactus
900 3231 970 3306 est
993 3211 1136 3308 labor.
1191 3212 1260 3303 Ut
1285 3215 1413 3303 enim
1439 3233 1609 3304 taceam
1633 3235 1846 3307 notamm
1869 3225 2065 3337 paucita-

257 3479 259 3482 ,
389 3411 513 3492 tem,
540 3409 659 3503 'quae
680 3395 786 3470 octo
803 3395 980 3468 tantum
998 3377 1189 3502 paginas
1211 3395 1457 3497 occupant,
1484 3363 1836 3496 Carpentietum
1860 3387 2064 3506 negotiO,

392 3545 522 3675 quod
541 3544 763 3664 suscepit,
786 3543 980 3634 minime
997 3575 1155 3664 parem
1179 3545 1339 3646 fuisse,
1364 3539 1472 3630 satis
1490 3561 1700 3657 apparet.
1765 3545 1929 3653 Notas,
1967 3578 2006 3637 e.
2026 3581 2063 3640 c.

247 3755 257 3788 ⁵
392 3745 507 3839 quas
538 3707 703 3802 ordine
735 3707 967 3805 literarum
996 3705 1245 3830 disposuit,
1291 3739 1353 3798 ex
1380 3704 1707 3795 vocabulorum
1744 3712 2061 3804 tantummodo

329 3961 332 3968 ,
394 3881 749 4004 significatione,
775 3911 916 4002 quam
940 3879 1125 3972 adiuude
1139 3896 1274 3970 norat
1301 3877 1365 3996 (ᾗ.
1385 3875 1515 3992 364),
1537 3875 1785 3984 divinavit,
1813 3908 1913 3968 uon
1937 3881 2062 4006 legit.
2086 3919 2091 3925 ’

394 4047 508 4169 Quo
539 4045 718 4152 evenit,
752 4067 810 4135 ut
839 4046 891 4138 iu
918 4045 1071 4138 tabula
1099 4047 1246 4168 prima
1274 4063 1406 4137 notas
1437 4044 1767 4138 vocabulorum
1795 4043 2064 4171 Etht'opr'a,

394 4212 627 4315 eternae,
642 4208 796 4301 ditatae
812 4212 1130 4328 Asubjieeret,
1158 4232 1205 4304 et
1224 4217 1385 4324 xoris,
1400 4246 1518 4338 quae
1540 4246 1570 4303 a
1589 4215 1682 4306 Chi
1692 4217 1866 4308 Graeco
1881 4220 2059 4339 incipit,

391 4377 550 4466 uanae
567 4371 645 4480 G,
672 4368 734 4461 ad
760 4357 1044 4498 eandemque
1067 4375 1245 4469 literam
1269 4383 1455 4472 referret
1480 4401 1611 4474 notas
1652 4415 1679 4472 a
1704 4385 1756 4472 K
1788 4385 2062 4502 incipientes
2103 4430 2107 4436 ·

391 4537 721 4634 vocubulomm
761 4529 1012 4654 Kanr'bus,
1047 4540 1318 4656 Karitate,
1352 4545 1520 4660 Isara,
1555 4543 1766 4656 Karon,
1805 4521 2060 4638 Karorum.
