<?xml version="1.0" encoding="UTF-8"?>
<!DOCTYPE html PUBLIC "-//W3C//DTD XHTML 1.0 Transitional//EN"
    "http://www.w3.org/TR/xhtml1/DTD/xhtml1-transitional.dtd">
<html xmlns="http://www.w3.org/1999/xhtml" xml:lang="en" lang="en">
 <head>
  <title>
</title>
<meta http-equiv="Content-Type" content="text/html;charset=utf-8" />
  <meta name='ocr-system' content='tesseract 3.04.00' />
  <meta name='ocr-capabilities' content='ocr_page ocr_carea ocr_par ocr_line ocrx_word'/>
</head>
<body>
  <div class='ocr_page' id='page_1' title='image "./palaeographiacr01koppgoog_0056.png"; bbox 0 0 4722 5868; ppageno 0'>
   <div class='ocr_carea' id='block_1_1' title="bbox 1048 538 1336 652">
    <p class='ocr_par' dir='ltr' id='par_1_1' title="bbox 1048 538 1336 652">
     <span class='ocr_line' id='line_1_1' title="bbox 1048 538 1336 652; baseline 0 -50"><span class='ocrx_word' id='word_1_1' title='bbox 1048 538 1336 652; x_wconf 66' lang='lat'>..43-</span> 
     </span>
    </p>
   </div>
   <div class='ocr_carea' id='block_1_2' title="bbox 351 742 2037 2186">
    <p class='ocr_par' dir='ltr' id='par_1_2' title="bbox 351 742 2037 2186">
     <span class='ocr_line' id='line_1_2' title="bbox 364 742 2037 871; baseline 0.004 -29"><span class='ocrx_word' id='word_1_2' title='bbox 364 753 580 871; x_wconf 83' lang='lat' dir='ltr'><strong>scriptor,</strong></span> <span class='ocrx_word' id='word_1_3' title='bbox 617 765 751 866; x_wconf 89' lang='lat' dir='ltr'><strong>atque</strong></span> <span class='ocrx_word' id='word_1_4' title='bbox 783 742 891 834; x_wconf 91' lang='lat' dir='ltr'><strong>ideo</strong></span> <span class='ocrx_word' id='word_1_5' title='bbox 925 745 980 834; x_wconf 87' lang='lat' dir='ltr'><strong>ab</strong></span> <span class='ocrx_word' id='word_1_6' title='bbox 1009 748 1188 870; x_wconf 82' lang='lat' dir='ltr'><strong>origine</strong></span> <span class='ocrx_word' id='word_1_7' title='bbox 1215 752 1427 838; x_wconf 83' lang='lat' dir='ltr'><strong>notatum</strong></span> <span class='ocrx_word' id='word_1_8' title='bbox 1459 751 1678 840; x_wconf 86' lang='lat' dir='ltr'>remotior</span> <span class='ocrx_word' id='word_1_9' title='bbox 1704 750 1781 858; x_wconf 89' lang='lat' dir='ltr'><strong>sit,</strong></span> <span class='ocrx_word' id='word_1_10' title='bbox 1821 785 1920 844; x_wconf 90' lang='lat' dir='ltr'><strong>non</strong></span> <span class='ocrx_word' id='word_1_11' title='bbox 1952 775 2037 865; x_wconf 86' lang='lat' dir='ltr'><strong>est,</strong></span> 
     </span>
     <span class='ocr_line' id='line_1_3' title="bbox 364 907 2036 1042; baseline 0.004 -37"><span class='ocrx_word' id='word_1_12' title='bbox 364 915 492 1036; x_wconf 90' lang='lat' dir='ltr'><strong>quod</strong></span> <span class='ocrx_word' id='word_1_13' title='bbox 521 913 801 1004; x_wconf 84' lang='lat' dir='ltr'>subtiliorem</span> <span class='ocrx_word' id='word_1_14' title='bbox 833 941 988 1000; x_wconf 90' lang='lat' dir='ltr'><strong>earum</strong></span> <span class='ocrx_word' id='word_1_15' title='bbox 1021 907 1336 1036; x_wconf 79' lang='lat' dir='ltr'><strong>cognitionem</strong></span> <span class='ocrx_word' id='word_1_16' title='bbox 1378 935 1702 1032; x_wconf 84' lang='lat' dir='ltr'><strong>exspectemus.</strong></span> <span class='ocrx_word' id='word_1_17' title='bbox 1771 923 1813 1009; x_wconf 95' lang='lat' dir='ltr'><strong>Is</strong></span> <span class='ocrx_word' id='word_1_18' title='bbox 1848 920 2036 1042; x_wconf 86' lang='lat' dir='ltr'><strong>quidem</strong></span> 
     </span>
     <span class='ocr_line' id='line_1_4' title="bbox 358 1069 2036 1198; baseline 0.004 -27"><span class='ocrx_word' id='word_1_19' title='bbox 358 1080 522 1198; x_wconf 86' lang='lat' dir='ltr'><strong>(Oper.</strong></span> <span class='ocrx_word' id='word_1_20' title='bbox 534 1079 590 1165; x_wconf 92' lang='lat' dir='ltr'><strong>ll.</strong></span> <span class='ocrx_word' id='word_1_21' title='bbox 608 1102 705 1189; x_wconf 89' lang='lat'>271.</span> <span class='ocrx_word' id='word_1_22' title='bbox 717 1073 896 1166; x_wconf 84' lang='lat' dir='ltr'><strong>Putsch.</strong></span> <span class='ocrx_word' id='word_1_23' title='bbox 911 1073 1140 1189; x_wconf 75' lang='lat' dir='ltr'><strong>colaodd)</strong></span> <span class='ocrx_word' id='word_1_24' title='bbox 1157 1069 1331 1166; x_wconf 85' lang='lat' dir='ltr'><strong>hancce</strong></span> <span class='ocrx_word' id='word_1_25' title='bbox 1349 1073 1522 1197; x_wconf 85' lang='lat' dir='ltr'><strong>profert</strong></span> <span class='ocrx_word' id='word_1_26' title='bbox 1543 1077 1878 1182; x_wconf 86' lang='lat' dir='ltr'><strong>definitionem:</strong></span> <span class='ocrx_word' id='word_1_27' title='bbox 1905 1092 2036 1195; x_wconf 83' lang='lat' dir='ltr'><strong>„No-</strong></span> 
     </span>
     <span class='ocr_line' id='line_1_5' title="bbox 351 1237 2036 1369; baseline 0.005 -33"><span class='ocrx_word' id='word_1_28' title='bbox 351 1299 384 1355; x_wconf 64' lang='lat'><strong>,„</strong></span> <span class='ocrx_word' id='word_1_29' title='bbox 393 1267 465 1336; x_wconf 89' lang='lat' dir='ltr'><strong>tae</strong></span> <span class='ocrx_word' id='word_1_30' title='bbox 491 1264 597 1336; x_wconf 92' lang='lat' dir='ltr'><strong>sunt</strong></span> <span class='ocrx_word' id='word_1_31' title='bbox 606 1237 813 1369; x_wconf 81' lang='lat' dir='ltr'><strong>figrrrae</strong></span> <span class='ocrx_word' id='word_1_32' title='bbox 834 1241 1081 1365; x_wconf 80' lang='lat' dir='ltr'><strong>quaedam,</strong></span> <span class='ocrx_word' id='word_1_33' title='bbox 1110 1239 1182 1334; x_wconf 84' lang='lat' dir='ltr'><strong>vel</strong></span> <span class='ocrx_word' id='word_1_34' title='bbox 1198 1239 1256 1332; x_wconf 89' lang='lat' dir='ltr'><strong>ad</strong></span> <span class='ocrx_word' id='word_1_35' title='bbox 1274 1237 1520 1332; x_wconf 86' lang='lat' dir='ltr'><strong>brevianda</strong></span> <span class='ocrx_word' id='word_1_36' title='bbox 1536 1245 1675 1334; x_wconf 86' lang='lat' dir='ltr'><strong>verba</strong></span> <span class='ocrx_word' id='word_1_37' title='bbox 1691 1249 1936 1360; x_wconf 77' lang='lat' dir='ltr'><strong>inventae,</strong></span> <span class='ocrx_word' id='word_1_38' title='bbox 1962 1255 2036 1345; x_wconf 82' lang='lat' dir='ltr'><strong>vel</strong></span> 
     </span>
     <span class='ocr_line' id='line_1_6' title="bbox 361 1409 2036 1531; baseline 0.003 -29"><span class='ocrx_word' id='word_1_39' title='bbox 361 1443 552 1518; x_wconf 86' lang='lat' dir='ltr'><strong>„sensus</strong></span> <span class='ocrx_word' id='word_1_40' title='bbox 576 1409 936 1530; x_wconf 85' lang='lat' dir='ltr'><strong>exprimendos.”</strong></span> <span class='ocrx_word' id='word_1_41' title='bbox 988 1409 1176 1531; x_wconf 86' lang='lat' dir='ltr'><strong>Quanto</strong></span> <span class='ocrx_word' id='word_1_42' title='bbox 1198 1419 1367 1512; x_wconf 87' lang='lat' dir='ltr'><strong>autem,</strong></span> <span class='ocrx_word' id='word_1_43' title='bbox 1391 1435 1578 1526; x_wconf 88' lang='lat' dir='ltr'><strong>quaeso,</strong></span> <span class='ocrx_word' id='word_1_44' title='bbox 1598 1421 1804 1528; x_wconf 87' lang='lat' dir='ltr'><strong>tempore</strong></span> <span class='ocrx_word' id='word_1_45' title='bbox 1824 1435 1929 1506; x_wconf 86' lang='lat' dir='ltr'><strong>ante</strong></span> <span class='ocrx_word' id='word_1_46' title='bbox 1949 1415 2036 1506; x_wconf 90' lang='lat' dir='ltr'><strong>hos</strong></span> 
     </span>
     <span class='ocr_line' id='line_1_7' title="bbox 357 1571 2035 1694; baseline 0.01 -29"><span class='ocrx_word' id='word_1_47' title='bbox 357 1580 480 1666; x_wconf 86' lang='lat' dir='ltr'><strong>viros</strong></span> <span class='ocrx_word' id='word_1_48' title='bbox 498 1577 631 1690; x_wconf 32' lang='lat' dir='ltr'><strong>,illam</strong></span> <span class='ocrx_word' id='word_1_49' title='bbox 665 1577 952 1694; x_wconf 87' lang='lat' dir='ltr'><strong>scripturam,</strong></span> <span class='ocrx_word' id='word_1_50' title='bbox 982 1603 1100 1694; x_wconf 88' lang='lat' dir='ltr'><strong>quae</strong></span> <span class='ocrx_word' id='word_1_51' title='bbox 1128 1575 1228 1666; x_wconf 88' lang='lat' dir='ltr'><strong>sine</strong></span> <span class='ocrx_word' id='word_1_52' title='bbox 1249 1571 1341 1666; x_wconf 88' lang='lat' dir='ltr'><strong>ulla</strong></span> <span class='ocrx_word' id='word_1_53' title='bbox 1376 1581 1681 1670; x_wconf 85' lang='lat' dir='ltr'><strong>controversia</strong></span> <span class='ocrx_word' id='word_1_54' title='bbox 1708 1584 1762 1671; x_wconf 90' lang='lat' dir='ltr'><strong>ab</strong></span> <span class='ocrx_word' id='word_1_55' title='bbox 1780 1587 1915 1676; x_wconf 88' lang='lat' dir='ltr'><strong>initio</strong></span> <span class='ocrx_word' id='word_1_56' title='bbox 1940 1591 2035 1682; x_wconf 86' lang='lat' dir='ltr'><strong>lite-</strong></span> 
     </span>
     <span class='ocr_line' id='line_1_8' title="bbox 357 1736 2032 1865; baseline 0.011 -37"><span class='ocrx_word' id='word_1_57' title='bbox 357 1757 452 1828; x_wconf 88' lang='lat' dir='ltr'><strong>rata</strong></span> <span class='ocrx_word' id='word_1_58' title='bbox 473 1741 562 1828; x_wconf 80' lang='lat' dir='ltr'><strong>luit</strong></span> <span class='ocrx_word' id='word_1_59' title='bbox 584 1739 644 1856; x_wconf 65' lang='lat' dir='ltr'><strong>(ll.</strong></span> <span class='ocrx_word' id='word_1_60' title='bbox 658 1736 727 1829; x_wconf 85' lang='grc'><strong>86.</strong></span> <span class='ocrx_word' id='word_1_61' title='bbox 740 1736 837 1851; x_wconf 83' lang='grc'><strong>87),</strong></span> <span class='ocrx_word' id='word_1_62' title='bbox 866 1758 1126 1856; x_wconf 87' lang='lat' dir='ltr'><strong>usurpatam</strong></span> <span class='ocrx_word' id='word_1_63' title='bbox 1146 1741 1284 1833; x_wconf 86' lang='lat' dir='ltr'><strong>fuisse</strong></span> <span class='ocrx_word' id='word_1_64' title='bbox 1307 1747 1508 1865; x_wconf 82' lang='lat' dir='ltr'><strong>cogitur,</strong></span> <span class='ocrx_word' id='word_1_65' title='bbox 1536 1747 1575 1836; x_wconf 89' lang='lat' dir='ltr'><strong>si</strong></span> <span class='ocrx_word' id='word_1_66' title='bbox 1597 1777 1756 1838; x_wconf 86' lang='lat' dir='ltr'><strong>eorum</strong></span> <span class='ocrx_word' id='word_1_67' title='bbox 1779 1751 1867 1864; x_wconf 88' lang='lat' dir='ltr'><strong>jam</strong></span> <span class='ocrx_word' id='word_1_68' title='bbox 1889 1773 2032 1847; x_wconf 84' lang='lat' dir='ltr'><strong>aetate</strong></span> 
     </span>
     <span class='ocr_line' id='line_1_9' title="bbox 357 1899 2034 2040; baseline 0.011 -46"><span class='ocrx_word' id='word_1_69' title='bbox 357 1925 526 2028; x_wconf 88' lang='lat' dir='ltr'><strong>partes,</strong></span> <span class='ocrx_word' id='word_1_70' title='bbox 557 1905 724 2026; x_wconf 89' lang='lat' dir='ltr'><strong>quibus</strong></span> <span class='ocrx_word' id='word_1_71' title='bbox 742 1919 938 2009; x_wconf 88' lang='lat' dir='ltr'><strong>constat,</strong></span> <span class='ocrx_word' id='word_1_72' title='bbox 967 1899 1204 1997; x_wconf 84' lang='lat' dir='ltr'><strong>oblivione</strong></span> <span class='ocrx_word' id='word_1_73' title='bbox 1225 1909 1413 2002; x_wconf 88' lang='lat' dir='ltr'><strong>obrutae</strong></span> <span class='ocrx_word' id='word_1_74' title='bbox 1437 1931 1583 2020; x_wconf 87' lang='lat' dir='ltr'><strong>erant,</strong></span> <span class='ocrx_word' id='word_1_75' title='bbox 1614 1933 1748 2035; x_wconf 91' lang='lat' dir='ltr'><strong>atque</strong></span> <span class='ocrx_word' id='word_1_76' title='bbox 1766 1917 1897 2040; x_wconf 85' lang='lat' dir='ltr'><strong>signa</strong></span> <span class='ocrx_word' id='word_1_77' title='bbox 1919 1920 2034 2013; x_wconf 74' lang='lat' dir='ltr'><strong>arbi«</strong></span> 
     </span>
     <span class='ocr_line' id='line_1_10' title="bbox 356 2069 1741 2186; baseline 0.004 -24"><span class='ocrx_word' id='word_1_78' title='bbox 356 2075 489 2162; x_wconf 89' lang='lat' dir='ltr'><strong>traria</strong></span> <span class='ocrx_word' id='word_1_79' title='bbox 516 2071 865 2186; x_wconf 73' lang='lat' dir='ltr'><strong>judicabantur?</strong></span> <span class='ocrx_word' id='word_1_80' title='bbox 1736 2069 1741 2076; x_wconf 45' lang='lat'><strong>¹</strong></span> 
     </span>
    </p>
   </div>
   <div class='ocr_carea' id='block_1_3' title="bbox 346 2351 2129 4472">
    <p class='ocr_par' dir='ltr' id='par_1_3' title="bbox 346 2351 2129 4472">
     <span class='ocr_line' id='line_1_11' title="bbox 467 2351 2026 2492; baseline 0.015 -49"><span class='ocrx_word' id='word_1_81' title='bbox 467 2365 507 2482; x_wconf 55' lang='grc' dir='ltr'><strong>ᾗ.</strong></span> <span class='ocrx_word' id='word_1_82' title='bbox 537 2360 605 2451; x_wconf 77' lang='lat'><strong>52.</strong></span> <span class='ocrx_word' id='word_1_83' title='bbox 664 2351 813 2468; x_wconf 86' lang='lat' dir='ltr'><strong>Hujus</strong></span> <span class='ocrx_word' id='word_1_84' title='bbox 840 2369 991 2444; x_wconf 89' lang='lat' dir='ltr'><strong>autern</strong></span> <span class='ocrx_word' id='word_1_85' title='bbox 1020 2353 1266 2477; x_wconf 84' lang='lat' dir='ltr'><strong>scripturae</strong></span> <span class='ocrx_word' id='word_1_86' title='bbox 1293 2379 1559 2470; x_wconf 80' lang='lat' dir='ltr'><strong>vetustatem</strong></span> <span class='ocrx_word' id='word_1_87' title='bbox 1589 2369 1793 2490; x_wconf 87' lang='lat' dir='ltr'><strong>quamvis</strong></span> <span class='ocrx_word' id='word_1_88' title='bbox 1815 2401 2026 2492; x_wconf 83' lang='lat' dir='ltr'><strong>magnam</strong></span> 
     </span>
     <span class='ocr_line' id='line_1_12' title="bbox 356 2521 2026 2655; baseline 0.006 -35"><span class='ocrx_word' id='word_1_89' title='bbox 356 2525 612 2639; x_wconf 86' lang='lat' dir='ltr'><strong>credamus;</strong></span> <span class='ocrx_word' id='word_1_90' title='bbox 640 2541 746 2614; x_wconf 90' lang='lat' dir='ltr'><strong>sunt</strong></span> <span class='ocrx_word' id='word_1_91' title='bbox 768 2540 921 2608; x_wconf 89' lang='lat' dir='ltr'><strong>tamen</strong></span> <span class='ocrx_word' id='word_1_92' title='bbox 942 2522 1053 2610; x_wconf 86' lang='lat' dir='ltr'><strong>certi</strong></span> <span class='ocrx_word' id='word_1_93' title='bbox 1076 2521 1209 2630; x_wconf 87' lang='lat' dir='ltr'><strong>fines,</strong></span> <span class='ocrx_word' id='word_1_94' title='bbox 1237 2527 1351 2616; x_wconf 90' lang='lat' dir='ltr'><strong>ultra</strong></span> <span class='ocrx_word' id='word_1_95' title='bbox 1377 2561 1493 2648; x_wconf 88' lang='lat' dir='ltr'><strong>quos</strong></span> <span class='ocrx_word' id='word_1_96' title='bbox 1521 2531 1717 2650; x_wconf 88' lang='lat' dir='ltr'><strong>produci</strong></span> <span class='ocrx_word' id='word_1_97' title='bbox 1745 2565 1844 2624; x_wconf 91' lang='lat' dir='ltr'><strong>non</strong></span> <span class='ocrx_word' id='word_1_98' title='bbox 1865 2557 2026 2655; x_wconf 88' lang='lat' dir='ltr'><strong>potest.</strong></span> 
     </span>
     <span class='ocr_line' id='line_1_13' title="bbox 358 2684 2028 2822; baseline 0.007 -44"><span class='ocrx_word' id='word_1_99' title='bbox 358 2692 494 2784; x_wconf 82' lang='lat' dir='ltr'><strong>Ratio</strong></span> <span class='ocrx_word' id='word_1_100' title='bbox 528 2691 652 2778; x_wconf 88' lang='lat' dir='ltr'><strong>enim</strong></span> <span class='ocrx_word' id='word_1_101' title='bbox 685 2684 896 2775; x_wconf 89' lang='lat' dir='ltr'><strong>habenda</strong></span> <span class='ocrx_word' id='word_1_102' title='bbox 926 2715 1070 2805; x_wconf 91' lang='lat' dir='ltr'><strong>quum</strong></span> <span class='ocrx_word' id='word_1_103' title='bbox 1095 2685 1466 2814; x_wconf 81' lang='lat' dir='ltr'><strong>orthographiae,</strong></span> <span class='ocrx_word' id='word_1_104' title='bbox 1503 2711 1602 2792; x_wconf 88' lang='lat' dir='ltr'><strong>turn</strong></span> <span class='ocrx_word' id='word_1_105' title='bbox 1631 2699 1773 2822; x_wconf 91' lang='lat' dir='ltr'><strong>ipsius</strong></span> <span class='ocrx_word' id='word_1_106' title='bbox 1800 2701 2028 2798; x_wconf 81' lang='lat' dir='ltr'><strong>literarum</strong></span> 
     </span>
     <span class='ocr_line' id='line_1_14' title="bbox 347 2848 2028 2975; baseline 0.008 -27"><span class='ocrx_word' id='word_1_107' title='bbox 347 2858 550 2962; x_wconf 77' lang='lat' dir='ltr'><strong>formae,</strong></span> <span class='ocrx_word' id='word_1_108' title='bbox 580 2881 771 2975; x_wconf 89' lang='lat' dir='ltr'><strong>quarum</strong></span> <span class='ocrx_word' id='word_1_109' title='bbox 791 2872 1004 2973; x_wconf 87' lang='lat' dir='ltr'><strong>utraque,</strong></span> <span class='ocrx_word' id='word_1_110' title='bbox 1034 2848 1239 2973; x_wconf 86' lang='lat' dir='ltr'><strong>quamvis</strong></span> <span class='ocrx_word' id='word_1_111' title='bbox 1259 2871 1503 2966; x_wconf 86' lang='lat' dir='ltr'><strong>remotam,</strong></span> <span class='ocrx_word' id='word_1_112' title='bbox 1531 2863 1735 2954; x_wconf 90' lang='lat' dir='ltr'><strong>ultimam</strong></span> <span class='ocrx_word' id='word_1_113' title='bbox 1757 2883 1908 2958; x_wconf 86' lang='lat' dir='ltr'><strong>tamen</strong></span> <span class='ocrx_word' id='word_1_114' title='bbox 1928 2901 2028 2962; x_wconf 90' lang='lat' dir='ltr'><strong>nou</strong></span> 
     </span>
     <span class='ocr_line' id='line_1_15' title="bbox 357 3017 2129 3148; baseline 0.007 -34"><span class='ocrx_word' id='word_1_115' title='bbox 357 3026 506 3148; x_wconf 82' lang='lat' dir='ltr'><strong>arguit</strong></span> <span class='ocrx_word' id='word_1_116' title='bbox 531 3023 868 3141; x_wconf 84' lang='lat' dir='ltr'><strong>antiquitatem.</strong></span> <span class='ocrx_word' id='word_1_117' title='bbox 937 3017 1079 3138; x_wconf 88' lang='lat' dir='ltr'><strong>Quod</strong></span> <span class='ocrx_word' id='word_1_118' title='bbox 1104 3020 1229 3106; x_wconf 90' lang='lat' dir='ltr'><strong>enim</strong></span> <span class='ocrx_word' id='word_1_119' title='bbox 1257 3019 1309 3106; x_wconf 91' lang='lat' dir='ltr'><strong>in</strong></span> <span class='ocrx_word' id='word_1_120' title='bbox 1334 3017 1491 3139; x_wconf 88' lang='lat' dir='ltr'><strong>priscis</strong></span> <span class='ocrx_word' id='word_1_121' title='bbox 1522 3025 1816 3120; x_wconf 87' lang='lat' dir='ltr'><strong>monimentis</strong></span> <span class='ocrx_word' id='word_1_122' title='bbox 1845 3033 2027 3126; x_wconf 88' lang='lat' dir='ltr'><strong>Latinis</strong></span> <span class='ocrx_word' id='word_1_123' title='bbox 2120 3027 2129 3050; x_wconf 83' lang='lat'><em>&#39;</em></span> 
     </span>
     <span class='ocr_line' id='line_1_16' title="bbox 357 3175 2024 3302; baseline 0.002 -20"><span class='ocrx_word' id='word_1_124' title='bbox 357 3184 745 3290; x_wconf 86' lang='lat' dir='ltr'><strong>animadvertitur,</strong></span> <span class='ocrx_word' id='word_1_125' title='bbox 776 3175 1089 3302; x_wconf 84' lang='lat' dir='ltr'><strong>diphthongos</strong></span> <span class='ocrx_word' id='word_1_126' title='bbox 1113 3177 1177 3272; x_wconf 90' lang='lat' dir='ltr'><strong>EI</strong></span> <span class='ocrx_word' id='word_1_127' title='bbox 1207 3195 1251 3272; x_wconf 91' lang='lat' dir='ltr'><strong>et</strong></span> <span class='ocrx_word' id='word_1_128' title='bbox 1275 3177 1364 3274; x_wconf 88' lang='lat' dir='ltr'><strong>OV</strong></span> <span class='ocrx_word' id='word_1_129' title='bbox 1382 3183 1434 3276; x_wconf 92' lang='lat' dir='ltr'><strong>in</strong></span> <span class='ocrx_word' id='word_1_130' title='bbox 1452 3183 1606 3280; x_wconf 88' lang='lat' dir='ltr'><strong>locum</strong></span> <span class='ocrx_word' id='word_1_131' title='bbox 1624 3189 1851 3284; x_wconf 82' lang='lat' dir='ltr'><strong>vocalium</strong></span> <span class='ocrx_word' id='word_1_132' title='bbox 1877 3199 1965 3288; x_wconf 89' lang='lat' dir='ltr'><strong>let</strong></span> <span class='ocrx_word' id='word_1_133' title='bbox 1983 3201 2024 3286; x_wconf 89' lang='lat' dir='ltr'>V</span> 
     </span>
     <span class='ocr_line' id='line_1_17' title="bbox 346 3343 2024 3470; baseline 0.004 -26"><span class='ocrx_word' id='word_1_134' title='bbox 346 3355 589 3460; x_wconf 83' lang='lat' dir='ltr'><strong>substitui,</strong></span> <span class='ocrx_word' id='word_1_135' title='bbox 629 3371 675 3442; x_wconf 91' lang='lat' dir='ltr'><strong>et</strong></span> <span class='ocrx_word' id='word_1_136' title='bbox 704 3343 977 3470; x_wconf 90' lang='lat' dir='ltr'><strong>superfluam</strong></span> <span class='ocrx_word' id='word_1_137' title='bbox 1007 3347 1059 3434; x_wconf 92' lang='lat' dir='ltr'><strong>in</strong></span> <span class='ocrx_word' id='word_1_138' title='bbox 1090 3349 1183 3436; x_wconf 88' lang='lat' dir='ltr'><strong>fine</strong></span> <span class='ocrx_word' id='word_1_139' title='bbox 1210 3345 1454 3442; x_wconf 88' lang='lat' dir='ltr'><strong>verborum</strong></span> <span class='ocrx_word' id='word_1_140' title='bbox 1486 3373 1813 3448; x_wconf 86' lang='lat' dir='ltr'><strong>consonantem</strong></span> <span class='ocrx_word' id='word_1_141' title='bbox 1847 3357 1898 3448; x_wconf 94' lang='lat' dir='ltr'>D</span> <span class='ocrx_word' id='word_1_142' title='bbox 1934 3389 2024 3450; x_wconf 84' lang='lat' dir='ltr'><strong>sae-</strong></span> 
     </span>
     <span class='ocr_line' id='line_1_18' title="bbox 352 3510 2022 3644; baseline 0.004 -32"><span class='ocrx_word' id='word_1_143' title='bbox 352 3551 413 3644; x_wconf 89' lang='lat' dir='ltr'><strong>pe</strong></span> <span class='ocrx_word' id='word_1_144' title='bbox 444 3516 571 3626; x_wconf 90' lang='lat' dir='ltr'><strong>addi,</strong></span> <span class='ocrx_word' id='word_1_145' title='bbox 618 3520 793 3639; x_wconf 85' lang='lat' dir='ltr'><strong>aliaque</strong></span> <span class='ocrx_word' id='word_1_146' title='bbox 825 3511 1025 3630; x_wconf 89' lang='lat' dir='ltr'><strong>ejusdem</strong></span> <span class='ocrx_word' id='word_1_147' title='bbox 1054 3510 1254 3638; x_wconf 83' lang='lat' dir='ltr'><strong>generis,</strong></span> <span class='ocrx_word' id='word_1_148' title='bbox 1295 3545 1348 3606; x_wconf 88' lang='lat' dir='ltr'><strong>ea</strong></span> <span class='ocrx_word' id='word_1_149' title='bbox 1382 3517 1581 3610; x_wconf 79' lang='lat' dir='ltr'><strong>certain</strong></span> <span class='ocrx_word' id='word_1_150' title='bbox 1609 3517 1731 3610; x_wconf 90' lang='lat' dir='ltr'><strong>notis</strong></span> <span class='ocrx_word' id='word_1_151' title='bbox 1755 3519 2022 3618; x_wconf 86' lang='lat' dir='ltr'><strong>Tironianis</strong></span> 
     </span>
     <span class='ocr_line' id='line_1_19' title="bbox 351 3661 2024 3807; baseline -0.002 -25"><span class='ocrx_word' id='word_1_152' title='bbox 351 3687 513 3782; x_wconf 75' lang='lat' dir='ltr'><strong>flustra</strong></span> <span class='ocrx_word' id='word_1_153' title='bbox 543 3711 740 3807; x_wconf 73' lang='lat' dir='ltr'><strong>quaeres·</strong></span> <span class='ocrx_word' id='word_1_154' title='bbox 820 3685 936 3774; x_wconf 90' lang='lat' dir='ltr'><strong>Sunt</strong></span> <span class='ocrx_word' id='word_1_155' title='bbox 962 3661 1150 3804; x_wconf 89' lang='lat' dir='ltr'><strong>quidem</strong></span> <span class='ocrx_word' id='word_1_156' title='bbox 1185 3700 1351 3790; x_wconf 88' lang='lat' dir='ltr'><strong>notae,</strong></span> <span class='ocrx_word' id='word_1_157' title='bbox 1387 3683 1440 3770; x_wconf 89' lang='lat' dir='ltr'><strong>in</strong></span> <span class='ocrx_word' id='word_1_158' title='bbox 1473 3684 1638 3802; x_wconf 89' lang='lat' dir='ltr'><strong>quibus</strong></span> <span class='ocrx_word' id='word_1_159' title='bbox 1669 3681 1796 3774; x_wconf 88' lang='lat' dir='ltr'><strong>litera</strong></span> <span class='ocrx_word' id='word_1_160' title='bbox 1844 3689 1888 3774; x_wconf 92' lang='lat' dir='ltr'>V</span> <span class='ocrx_word' id='word_1_161' title='bbox 1918 3708 2024 3806; x_wconf 91' lang='lat' dir='ltr'><strong>post</strong></span> 
     </span>
     <span class='ocr_line' id='line_1_20' title="bbox 358 3839 2025 3971; baseline 0 -33"><span class='ocrx_word' id='word_1_162' title='bbox 358 3849 404 3971; x_wconf 87' lang='lat' dir='ltr'>Q</span> <span class='ocrx_word' id='word_1_163' title='bbox 429 3852 591 3942; x_wconf 89' lang='lat' dir='ltr'><strong>omissa</strong></span> <span class='ocrx_word' id='word_1_164' title='bbox 612 3853 688 3960; x_wconf 89' lang='lat' dir='ltr'><strong>sit,</strong></span> <span class='ocrx_word' id='word_1_165' title='bbox 718 3868 824 3942; x_wconf 90' lang='lat' dir='ltr'><strong>sunt</strong></span> <span class='ocrx_word' id='word_1_166' title='bbox 852 3865 896 3940; x_wconf 89' lang='lat' dir='ltr'><strong>et</strong></span> <span class='ocrx_word' id='word_1_167' title='bbox 924 3847 1034 3938; x_wconf 87' lang='lat' dir='ltr'><strong>aliae</strong></span> <span class='ocrx_word' id='word_1_168' title='bbox 1062 3839 1296 3968; x_wconf 84' lang='lat' dir='ltr'><strong>inquibus</strong></span> <span class='ocrx_word' id='word_1_169' title='bbox 1323 3843 1670 3938; x_wconf 89' lang='lat' dir='ltr'><strong>consonantium</strong></span> <span class='ocrx_word' id='word_1_170' title='bbox 1695 3847 2025 3968; x_wconf 85' lang='lat' dir='ltr'><strong>gerninatarum</strong></span> 
     </span>
     <span class='ocr_line' id='line_1_21' title="bbox 353 4007 2025 4140; baseline 0.001 -32"><span class='ocrx_word' id='word_1_171' title='bbox 353 4017 488 4108; x_wconf 85' lang='lat' dir='ltr'><strong>altera</strong></span> <span class='ocrx_word' id='word_1_172' title='bbox 507 4017 644 4124; x_wconf 88' lang='lat' dir='ltr'><strong>absit,</strong></span> <span class='ocrx_word' id='word_1_173' title='bbox 671 4013 799 4140; x_wconf 85' lang='lat' dir='ltr'><strong>quod</strong></span> <span class='ocrx_word' id='word_1_174' title='bbox 826 4035 1069 4136; x_wconf 83' lang='lat' dir='ltr'><strong>utrumque</strong></span> <span class='ocrx_word' id='word_1_175' title='bbox 1103 4007 1415 4132; x_wconf 89' lang='lat' dir='ltr'><strong>antiquitatem</strong></span> <span class='ocrx_word' id='word_1_176' title='bbox 1445 4009 1599 4130; x_wconf 83' lang='lat' dir='ltr'><strong>scripti</strong></span> <span class='ocrx_word' id='word_1_177' title='bbox 1625 4009 1810 4124; x_wconf 87' lang='lat' dir='ltr'><strong>alicujus</strong></span> <span class='ocrx_word' id='word_1_178' title='bbox 1835 4043 2025 4138; x_wconf 86' lang='lat' dir='ltr'><strong>arguere</strong></span> 
     </span>
     <span class='ocr_line' id='line_1_22' title="bbox 352 4169 2027 4304; baseline 0.002 -33"><span class='ocrx_word' id='word_1_179' title='bbox 352 4197 523 4304; x_wconf 88' lang='lat' dir='ltr'><strong>potest:</strong></span> <span class='ocrx_word' id='word_1_180' title='bbox 564 4199 607 4267; x_wconf 90' lang='lat' dir='ltr'><strong>at</strong></span> <span class='ocrx_word' id='word_1_181' title='bbox 637 4181 827 4272; x_wconf 87' lang='lat' dir='ltr'><strong>minime</strong></span> <span class='ocrx_word' id='word_1_182' title='bbox 857 4211 915 4272; x_wconf 81' lang='lat' dir='ltr'><strong>ex</strong></span> <span class='ocrx_word' id='word_1_183' title='bbox 943 4177 1133 4268; x_wconf 87' lang='lat' dir='ltr'><strong>consilio</strong></span> <span class='ocrx_word' id='word_1_184' title='bbox 1169 4193 1288 4266; x_wconf 85' lang='lat' dir='ltr'><strong>recto</strong></span> <span class='ocrx_word' id='word_1_185' title='bbox 1321 4169 1570 4282; x_wconf 87' lang='lat' dir='ltr'><strong>scribendi,</strong></span> <span class='ocrx_word' id='word_1_186' title='bbox 1611 4171 1691 4268; x_wconf 88' lang='lat' dir='ltr'><strong>sed</strong></span> <span class='ocrx_word' id='word_1_187' title='bbox 1723 4177 2027 4274; x_wconf 87' lang='lat' dir='ltr'><strong>contrahendi</strong></span> 
     </span>
     <span class='ocr_line' id='line_1_23' title="bbox 352 4341 2028 4472; baseline -0.003 -31"><span class='ocrx_word' id='word_1_188' title='bbox 352 4368 529 4441; x_wconf 88' lang='lat' dir='ltr'><strong>tantum</strong></span> <span class='ocrx_word' id='word_1_189' title='bbox 554 4346 695 4472; x_wconf 82' lang='lat' dir='ltr'><strong>gratia</strong></span> <span class='ocrx_word' id='word_1_190' title='bbox 724 4350 775 4436; x_wconf 91' lang='lat' dir='ltr'><strong>in</strong></span> <span class='ocrx_word' id='word_1_191' title='bbox 802 4349 923 4438; x_wconf 85' lang='lat' dir='ltr'><strong>notis</strong></span> <span class='ocrx_word' id='word_1_192' title='bbox 951 4346 1039 4436; x_wconf 89' lang='lat' dir='ltr'><strong>illis</strong></span> <span class='ocrx_word' id='word_1_193' title='bbox 1064 4347 1166 4434; x_wconf 84' lang='lat' dir='ltr'><strong>istas</strong></span> <span class='ocrx_word' id='word_1_194' title='bbox 1192 4343 1339 4438; x_wconf 89' lang='lat' dir='ltr'><strong>literas</strong></span> <span class='ocrx_word' id='word_1_195' title='bbox 1362 4343 1546 4438; x_wconf 88' lang='lat' dir='ltr'><strong>omissas</strong></span> <span class='ocrx_word' id='word_1_196' title='bbox 1568 4373 1685 4452; x_wconf 88' lang='lat' dir='ltr'><strong>esse,</strong></span> <span class='ocrx_word' id='word_1_197' title='bbox 1715 4343 1922 4462; x_wconf 85' lang='lat' dir='ltr'><strong>exempla</strong></span> <span class='ocrx_word' id='word_1_198' title='bbox 1945 4341 2028 4436; x_wconf 91' lang='lat' dir='ltr'><strong>do-</strong></span> 
     </span>
    </p>
   </div>
   <div class='ocr_carea' id='block_1_4' title="bbox 353 4497 2029 4683">
    <p class='ocr_par' dir='ltr' id='par_1_4' title="bbox 353 4497 2029 4683">
     <span class='ocr_line' id='line_1_24' title="bbox 353 4497 2029 4683; baseline -0.001 -57"><span class='ocrx_word' id='word_1_199' title='bbox 353 4555 460 4628; x_wconf 88' lang='lat' dir='ltr'><strong>cent</strong></span> <span class='ocrx_word' id='word_1_200' title='bbox 480 4535 686 4646; x_wconf 90' lang='lat' dir='ltr'><strong>aliarum,</strong></span> <span class='ocrx_word' id='word_1_201' title='bbox 714 4531 954 4658; x_wconf 87' lang='lat' dir='ltr'><strong>inquibus</strong></span> <span class='ocrx_word' id='word_1_202' title='bbox 981 4531 1489 4652; x_wconf 83' lang='lat' dir='ltr'><strong>additaereperiuntur,</strong></span> <span class='ocrx_word' id='word_1_203' title='bbox 1517 4535 1643 4628; x_wconf 87' lang='lat' dir='ltr'><strong>utin</strong></span> <span class='ocrx_word' id='word_1_204' title='bbox 1670 4497 1724 4683; x_wconf 78' lang='lat'><strong>2</strong></span> <span class='ocrx_word' id='word_1_205' title='bbox 1759 4575 1818 4608; x_wconf 75' lang='grc' dir='ltr'><strong>ι·</strong></span> <span class='ocrx_word' id='word_1_206' title='bbox 1846 4531 1937 4656; x_wconf 87' lang='lat' dir='ltr'><strong>QV</strong></span> <span class='ocrx_word' id='word_1_207' title='bbox 1964 4581 2029 4624; x_wconf 72' lang='grc' dir='ltr'><strong>-ιι</strong></span> 
     </span>
    </p>
   </div>
   <div class='ocr_carea' id='block_1_5' title="bbox 0 0 2368 5860">
    <p class='ocr_par' dir='ltr' id='par_1_5' title="bbox 0 0 2368 5860">
     <span class='ocr_line' id='line_1_25' title="bbox 0 0 2368 5860; baseline 0 0"><span class='ocrx_word' id='word_1_208' title='bbox 0 0 2368 5860; x_wconf 95' lang='lat' dir='ltr'><strong> </strong></span> 
     </span>
    </p>
   </div>
  </div>
 </body>
</html>
