4896 5890
980 555 1298 661 ...215-

278 773 509 870 additum
544 798 638 860 esse
669 745 867 873 videtur,
897 789 950 874 ιιι
976 773 1132 862 Ἰοιιιιιι
1161 769 1391 900 designet,
1419 769 1520 875 ubi,
1557 801 1610 872 ea
1639 771 1820 872 flectere
1843 810 1970 874 vocs.

309 940 416 1036 bula
435 940 518 1058 qui
537 936 697 1056 velint,
724 934 842 1039 salva
872 965 1031 1042 eorum
1049 935 1405 1057 significatione,
1433 938 1798 1038 terminationem
1825 945 1973 1056 adjici.
2090 981 2094 989 ·

305 1131 406 1190 cere
433 1069 640 1206 debeant.¹
696 1097 854 1183 Nou'
839 1116 1063 1218 mepte
1016 1099 1155 1188 icitur
1179 1097 1401 1212 ejusmodi
1420 1119 1644 1216 punctum
1667 1133 1772 1194 cum
1796 1106 1971 1198 Matre

300 1231 522 1372 lectiones
542 1264 649 1398 (ut
644 1293 748 1372 curn
770 1263 1109 1370 Grammaticis
1102 1265 1321 1366 Hebraeis
1342 1264 1604 1390 loquamur)
1629 1277 1969 1385 comparaveris.

420 1429 459 1545 ι.
490 1425 586 1516 256.
656 1429 863 1532 Punctis,
907 1431 982 1518 vel
1004 1463 1135 1539 uno,
1181 1437 1254 1524 vel
1284 1433 1517 1528 duobus
1501 1467 1552 1540 ιιι
1586 1440 1807 1557 scriptura
1839 1447 1972 1537 Tiro

299 1594 440 1678 niana
477 1590 750 1679 denotantur
779 1595 972 1708 syllabae
1013 1595 1131 1721 Qua,
1162 1597 1339 1703 Mum,
1368 1597 1545 1705 Mam,
1575 1601 1675 1692 Imr
1705 1622 1750 1691 et
1780 1607 1969 1726 quidem

299 1785 396 1862 ,uno
425 1822 437 1864 .·
465 1785 524 1846 ’ῤ’
549 1756 676 1886 9¹53?
705 1755 883 1870 (lupbus
924 1783 956 1873 ⁸.-
996 1805 1055 1832 ='
1084 1758 1254 1872 Mum»
1293 1793 1326 1884 ι’
1366 1805 1424 1836 ²*
1452 1761 1623 1874 Mam»
1650 1799 1663 1874 i
1693 1764 1970 1884 -lm(24).

302 1911 503 2031 Primum
539 1922 705 2034 horum
743 1923 1123 2043 compendiorum
1165 1962 1224 2020 ex
1262 1933 1450 2049 antiquo
1494 1947 1712 2062 correpte
1736 1933 1969 2034 scribendi

305 2086 446 2176 modo
477 2090 583 2203 Q.
633 2091 780 2202 (Nou.
801 2121 876 2207 op.
897 2083 1006 2206 dipl.
1020 2093 1095 2178 Ill.
1118 2091 1186 2208 54.
1202 2095 1291 2204 153.
1319 2093 1562 2207 schannat.
1572 2096 1774 2208 ιιιιιιιειιι.
1791 2099 1854 2188 lit.
1875 2128 1972 2192 220.

304 2253 427 2354 verb.
454 2217 687 2396 Quinque.
748 2225 984 2380 Gruterp.
1005 2251 1102 2390 591.
1124 2255 1163 2362 5.
1210 2253 1454 2372 Reinesius
1478 2258 1577 2376 575
1600 2291 1644 2348 ιι.
1667 2293 1733 2373 77.
1784 2263 1969 2364 ,Cellarii

302 2413 421 2526 orth.
452 2417 548 2503 331.
585 2435 629 2504 et
658 2443 816 2526 ornnes
849 2413 991 2502 fere
976 2419 1259 2535 inscription.
1293 2422 1345 2507 in
1374 2421 1577 2564 quibus
1565 2415 1723 2540 vqcab.
1750 2425 1971 2534 POSTE-

303 2579 462 2701 ulsQ.
488 2607 628 2729 quam
665 2580 922 2698 saepissime
956 2580 1155 2708 legitur)
1205 2551 1392 2697 ortum
1387 2613 1482 2674 esse
1513 2583 1726 2700 arbitror,
1774 2589 1970 2700 scilicet,

304 2751 467 2864 omissa
492 2723 621 2868 litera
654 2739 730 2867 Q,
762 2777 819 2836 ex
844 2748 994 2882 prisco
1016 2746 1323 2867 compendio
1321 2750 1470 2864 solum
1493 2751 1708 2865 remansit
1733 2773 1973 2891 punctum.

303 2914 382 3028 De
410 2917 551 3002 tribus
581 2914 936 3032 posterioribus
932 2915 1052 3020 notis
1079 2943 1191 3024 mox
1220 2913 1285 3052 (ι.
1303 2913 1412 3052 263)
1448 2942 1657 3036 agemus.
1697 2919 1868 3028 etenim
1898 2917 1973 3006 ha

304 3077 455 3194 benda
482 3099 585 3170 ante
610 3081 723 3192 ¹ratio
749 3077 1129 3196 compendiorum
1150 3079 1484 3198 quorumdam
1478 3081 1617 3189 literis
1643 3080 1971 3189 constantium,

305 3273 420 3364 quae
451 3246 571 3330 viam
598 3241 733 3332 nobis
763 3246 967 3363 aperiant
994 3243 1051 3334 ad
1078 3246 1256 3362 illarum
1284 3241 1596 3364 explicandam
1618 3259 1844 3358 ,naturam

421 3411 461 3531 ι.
500 3409 596 3517 257
662 3410 1008 3535 Progrediamur
1042 3411 1212 3534 igitur
1212 3408 1270 3498 ad
1301 3407 1576 3522 recensenda
1620 3408 1751 3528 signa
1787 3405 1974 3526 literato.¹

306 3581 367 3670 Et
390 3577 541 3697 primo
559 3573 753 3718 quidem
771 3573 875 3662 loco
904 3571 1243 3693 consideremus
1266 3573 1531 3724 praecipitis
1555 3572 1714 3688 calami
1741 3569 1971 3692 quendam

308 3742 496 3832 ductum
513 3707 697 3830 ιιιιιιιιιο
719 3761 930 3870 notarum
951 3741 1104 3844 literae
1132 3739 1439 3878 plemmque
1426 3767 1676 3860 annexum,
1707 3738 1788 3856 qui
1811 3766 1973 3874 quam·

309 3933 445 4026 quam
464 3909 700 4026 primitus
691 3937 798 4029 vera
815 3907 941 4028 litera
959 3907 1113 4012 luerit,
1143 3907 1203 3994 ob
1227 3909 1521 4027 scribentium
1543 3901 1879 4022 festinationem
1898 3922 1975 4022 pe·

312 4069 469 4159 culiari
497 4097 602 4158 suae
617 4071 789 4194 figurae
806 4071 963 4194 indole
986 4073 1152 4177 sensim
1177 4069 1291 4161 adeo
1316 4093 1385 4162 est
1405 4073 1626 4196 privatus,
1648 4087 1706 4157 ut
1733 4067 1975 4186 madalene

310 4235 438 4330 litera
463 4233 539 4339 sit,
569 4233 775 4354 adquam
795 4236 1136 4360 significandam
1157 4269 1256 4326 non
1279 4205 1556 4352 adhibeatur.
1613 4234 1762 4355 Atque
1788 4261 1910 4352 ,vaga
1928 4229 1978 4367 'pt

310 4399 574 4487 inconstans
595 4396 709 4514 haec
737 4402 928 4526 notandi
950 4407 1063 4524 ratio
1092 4405 1144 4491 in
1161 4404 1292 4518 ,omni
1308 4394 1644 4520 propemodum
1673 4396 1882 4504 omnium
1900 4423 1980 4514 po·

309 4568 524 4686 pulorum
552 4567 794 4690 scriptum,
824 4601 959 4693 quam
988 4571 1207 4686 cursiram
1233 4537 1418 4680 vocant,
1440 4565 1674 4687 ¹reperitur.
1732 4549 1981 4660 Scribimus
