4896 5890
1157 477 1567 646 ·-264-·*¹

595 761 637 882 ᾗ.
663 759 759 848 310.
816 745 1176 873 significationes
1204 761 1433 844 notarum,
1463 741 1517 826 in
1542 735 1661 828 libro
1671 733 1936 828 :casetano
1962 737 2154 860 vulgari-

484 931 613 1020 ribua
648 920 787 1013 literis
819 913 1086 1029 adscriptae,
1123 909 1243 998 hanc
1279 906 1545 994 confirmant
1582 902 1897 1012 conjecturam.
1979 905 2155 1008 Notam

237 991 241 1020 ·
325 1132 330 1142 ·
485 1035 592 1223 {v
632 1088 756 1197 cujus
792 1079 939 1198 prima
979 1077 1106 1163 litera
1137 1073 1351 1160 inclinata
1387 1039 1489 1177 L
1540 1067 1766 1182 syllabam
1788 1067 1883 1154 LE
1928 1066 2155 1184 significat

484 1255 675 1371 (§.119),
694 1243 898 1334 collectio
916 1235 1102 1358 quidem
1120 1266 1146 1324 a
1165 1235 1358 1322 Grutero
1376 1230 1496 1318 edita
1510 1231 1827 1352 iuterpretatur
1842 1227 1986 1370 Lyra
2001 1233 2155 1345 (172);

483 1416 536 1503 in
558 1413 674 1499 libro
695 1424 844 1495 autem
865 1399 1119 1489 Cassellano
1150 1396 1396 1512 explicatur
1412 1394 1561 1498 Lara,
1593 1423 1678 1508 pro
1695 1393 1850 1517 Lpa.
1906 1390 2157 1484 Dictionea

484 1575 596 1664 Post
627 1559 836 1674 abactae,
863 1568 993 1656 Ante
1017 1554 1223 1664 obitum,
1254 1558 1379 1648 notia
1413 1513 1510 1691 ἢ
1558 1515 1637 1683 b⁰s
1681 1553 1829 1668 (roo),
1846 1554 1901 1642 id
1920 1575 2006 1662 eat,
2036 1563 2153 1648 Post

374 1835 380 1848 ,
483 1735 565 1828 ΟΡ
579 1803 594 1840 ,s
621 1735 748 1820 Ante
766 1730 871 1834 ΟΡ,
905 1725 1190 1816 denotantur.
1253 1721 1384 1840 Quae
1418 1714 1603 1837 quidem
1639 1716 1867 1806 scribendi
1899 1721 2014 1810 ratio
2042 1723 2155 1816 licet

481 1865 608 2018 apud
625 1895 869 1980 Gruterum
888 1894 945 1982 ait
969 1889 1193 2008 neglecta,
1222 1885 1274 1972 in
1297 1885 1415 1978 libro
1434 1880 1688 1972 Caesellano
1714 1899 1932 1986 servatur,
1958 1883 2156 2006 vulgari.

480 2063 657 2178 busque
674 2054 813 2144 literis
829 2073 965 2142 notae
981 2049 1184 2165 'adjicitur
1199 2045 1309 2136 Post
1320 2042 1540 2164 opidum,
1556 2064 1640 2134 cet.
1674 2047 1798 2134 Nota
1817 2063 1979 2173 ’νὴ
2016 2049 2147 2166 (154)

482 2237 665 2314 notatur
681 2177 871 2308 rerbum
900 2211 1106 2320 Tendit„
1117 2243 1206 2331 pro
1228 2209 1433 2330 Tondet,
1459 2205 1584 2328 quod
1603 2207 1877 2329 etiam'apud
1901 2209 2150 2310 Gruterum

480 2387 550 2478 illi
577 2388 642 2475 sic
668 2383 948 2473 adscribitur.
1014 2377 1173 2496 Quum
1202 2395 1350 2488 autem
1384 2389 1489 2462 ‘v
1524 2372 1581 2460 ait
1608 2373 1696 2460 TV
1724 2372 1851 2492 (29),
1877 2403 1985 2462 vera
2008 2399 2151 2476 notae

482 2551 618 2642 lectio
641 2565 706 2636 eat
727 2541 935 2650 Tundr't,
954 2565 1038 2658 pro
1070 2540 1278 2630 Tondet.-
1302 2537 1452 2660 ipsum
1473 2535 1595 2624 enim
1615 2537 1804 2625 verbum
1828 2534 2017 2628 itendit
2042 2531 2152 2694 ’β

305 2820 309 2831 x
487 2712 839 2825 (150)1101111111Ι
903 2706 1039 2792 Libri
1063 2705 1201 2824 igitur
1227 2701 1468 2794 casselani
1495 2718 1648 2788 auctor
1674 2699 1930 2820 vulgaribus
1958 2737 2147 2830 quoque

483 2875 624 2964 literis
653 2885 807 2962 notam
832 2869 954 2978 illam
981 2870 1171 2985 exponit
1188 2867 1454 2957 TVNDIT.
1509 2865 1634 2954 Nota
1659 2833 1843 2986 (fs,
1878 2900 1995 2987 quae
2021 2877 2146 2994 apud

487 3041 732 3126 Gruterum
764 3029 897 3145 (145)
922 3032 1168 3151 explicatur
1197 3032 1252 3126 V
1245 3029 1404 3166 eradit,
1443 3029 1615 3118 literam
1649 3032 1672 3116 I
1704 3027 1810 3118 loco
1840 3035 1897 3120 E·
1914 3039 2147 3156 continet;

483 3199 610 3292 unde
636 3218 680 3287 et
698 3180 981 3286 Caesellanus‘
1002 3193 1117 3284 liber
1142 3221 1240 3283 eam
1259 3196 1575 3314 interpretatur
1591 3191 1802 3330 Isinda,
1825 3226 1911 3314 pro
1939 3197 1997 3290 V
1988 3201 2147 3294 andiu

322 3409 348 3464 ς
398 3330 407 3348 ’
481 3367 628 3466 Nota,
657 3335 745 3479 qua
768 3361 1039 3450 vocabulum
1059 3359 1396 3464 incrementum
1415 3376 1617 3463 notatur,
1644 3355 1767 3480 apud
1788 3357 2033 3456 Gruterum
2051 3370 2149 3486 qui.

483 3527 591 3618 clem
607 3524 712 3640 (21)
737 3523 854 3612 male
872 3519 1112 3631 delineata,
1136 3523 1217 3614 sed
1241 3556 1267 3612 a
1288 3527 1423 3616 nobis
1450 3556 1507 3616 ex
1528 3526 1686 3647 primis
1703 3524 1922 3643 exemplis
1942 3529 2147 3622 restituta

481 3635 634 3837 qi·
669 3689 749 3779 vix
775 3688 991 3808 explicari
1015 3708 1185 3809 posset,
1210 3692 1301 3782 nisi
1323 3693 1377 3780 in
1404 3692 1521 3782 libro
1540 3689 1794 3782 Caesellano
1822 3688 2048 3812 legeretur
2073 3695 2145 3786 ln·

480 3863 786 3964 erimantum,
805 3885 893 3974 pro
915 3853 1276 3948 lucrementum:
1305 3883 1420 3980 quae
1449 3859 1573 3950 enim
1601 3858 1773 3946 literam
1802 3855 1841 3944 C
1868 3855 1923 3944 in
1945 3877 2054 3948 nota
2081 3891 2144 3950 sc-

482 4023 638 4142 quitur
663 4021 848 4136 syllaba,
874 4041 940 4112 cat
967 4022 1013 4140 1
1039 4065 1095 4092 ===
1119 4025 1312 4146 11Ῑ(25)ιι
1386 4027 1509 4114 Nota
1542 3991 1644 4173 [A
1678 4067 1737 4092 ==
1762 4019 1988 4112 Ertomtir
2010 4024 2143 4138 (110)

481 4179 607 4280 haud
624 4177 764 4276 dubie
779 4187 834 4280 ab
858 4189 881 4276 1
906 4189 1087 4309 incipit,
1113 4213 1211 4280 non
1229 4189 1284 4276 ab
1301 4194 1363 4282 E:
1393 4204 1525 4312 atque
1542 4191 1593 4282 in
1612 4189 1729 4280 libro
1748 4186 2003 4282 caaetano
2020 4211 2144 4282 recte

481 4351 731 4480 explicatur
761 4348 1012 4464 mnormis,
1040 4385 1126 4474 pro
1150 4352 1389 4452 Enormis.
1680 4371 1682 4374 ’
