4722 5868
967 587 1251 708 '‘69³‘'

210 893 213 900 ,
278 792 548 919 explicent,
593 805 642 880 ot
681 792 756 882 ad
788 818 923 882 taam
961 791 1257 915 reipublicae
1285 791 1541 888 literariae
1579 799 1943 910 accommodent.

280 966 493 1052 Attamen
510 961 581 1057 his
601 993 687 1084 ego
712 991 786 1050 me
806 960 1019 1050 deterreri
1035 995 1134 1050 non
1159 993 1259 1052 sum
1282 993 1468 1081 passus,
1490 964 1594 1054 licet
1613 963 1849 1084 Oedipum
1871 995 1947 1054 me

280 1159 375 1230 esse
402 1130 593 1218 minime
618 1128 841 1246 profitear·
907 1124 1049 1246 Quod
1079 1129 1204 1216 enim
1244 1126 1430 1217 tandem
1466 1126 1774 1220 doctrinarum
1794 1161 1945 1256 'genus

278 1315 344 1385 est
362 1296 425 1382 ita
452 1295 657 1399 beatum,
686 1313 738 1384 ut
763 1291 881 1381 nihil
911 1295 955 1382 ei
977 1296 1106 1404 insit,
1137 1296 1315 1418 dequo
1352 1293 1547 1386 dubitari
1576 1313 1721 1413 queat.
1779 1295 1944 1388 Utrum

277 1458 648 1580 jurisprudentia,
677 1462 729 1546 in
752 1489 840 1578 qua
867 1460 1134 1579 jampridem
1152 1463 1378 1554 luvenalis
1398 1482 1466 1550 tot
1476 1462 1612 1586 jzcris
1630 1455 1781 1548 nodos
1810 1469 1861 1548 eb
1885 1456 1945 1548 le-

277 1653 394 1751 gam
411 1628 700 1749 aenigmata
718 1624 1055 1745 deprehendit?
1082 1627 1158 1716 An
1178 1622 1395 1714 medendi
1421 1655 1507 1730 ars,
1537 1652 1672 1744 quam
1692 1623 1945 1742 Hippocra-

276 1805 343 1878 tes
362 1790 460 1906 ipse
484 1791 645 1876 fatetur
669 1788 901 1882 difficilem
925 1819 1020 1881 esse
1044 1809 1089 1879 et
1107 1792 1430 1910 cooperimento
1443 1785 1715 1904 fallacem?
1745 1790 1821 1878 An
1844 1791 1944 1880 reli-

278 1983 418 2072 quae,
448 1983 639 2073 quarum
659 1953 783 2041 nulla
808 1985 908 2044 non
933 1953 1168 2045 manifesta
1185 1955 1410 2054 humanae
1432 1956 1506 2045 vel
1525 1955 1841 2056 imbecillitatis
1869 1957 1946 2088 vel

276 2117 557 2237 ignorantiae
578 2120 707 2240 signa
725 2148 832 2235 prae
851 2095 898 2206 se
912 2120 1035 2208 fert?
1064 2119 1344 2238 Quicunque
1367 2121 1508 2240 igitur
1524 2097 1770 2210 subtilioris
1793 2109 1948 2214 rerbm

279 2285 555 2402 cognitionis
590 2283 835 2399 cupiditate
871 2301 1080 2383 tenetur,
1118 2311 1179 2366 ne
1205 2283 1244 2367 is
1275 2283 1480 2371 animum
1505 2279 1715 2391 abjiciat,
1752 2283 1943 2400 impedi.

278 2445 442 2538 mentis
473 2443 661 2558 cedens,
691 2443 771 2536 sed
803 2463 959 2542 contra
994 2440 1233 2544 audentior
1261 2443 1358 2538 eat!
1483 2455 1487 2462 '

791 2817 1042 2908 CAPUT
1092 2815 1422 2907 sn-XTU-M.
1567 2815 1572 2826 ’

599 3021 1101 3115 Elementa
1168 3034 1722 3112 notarum.'

386 3289 428 3408 d.
455 3285 524 3378 86.
582 3284 817 3406 Quoniam
841 3286 893 3374 in
915 3287 1063 3377 verbis
1087 3289 1244 3378 sumus
1270 3283 1444 3390 faciles,
1472 3283 1606 3404 atque
1629 3279 1687 3371 ad
1717 3313 1850 3380 usum
1877 3285 1939 3376 lo.

278 3453 451 3580 quendi
465 3455 659 3544 libenter
677 3463 775 3540 nos'
788 3450 1180 3544 accommodamus
1196 3452 1363 3592 (§.35);
1378 3481 1561 3542 nomen
1587 3449 1774 3573 quidem
1792 3452 1942 3543 Nota·

275 3653 401 3732 rzaa,
421 3619 547 3745 quod
571 3619 682 3710 huic
703 3619 948 3741 scripturae
961 3619 1050 3731 jam
1069 3613 1250 3739 pridem'
1269 3636 1335 3709 est
1353 3616 1574 3724 inditum,
1610 3621 1837 3738 aspernari
1859 3651 1941 3710 no·
2099 3730 2107 3742 .

275 3793 444 3897 lumus,
475 3786 615 3878 modo
645 3817 706 3876 ne
739 3817 796 3877 ex
822 3785 908 3875 hac
937 3784 1239 3904 appellatione
1264 3783 1516 3904 colligatur,
1544 3780 1636 3876 hoc
1664 3809 1808 3900 genus
1837 3781 1948 3869 scri..

273 3955 418 4046 bendi
439 3957 578 4048 literis
597 3983 774 4058 vacare,
804 3954 1159 4071 scripturamque
1178 3975 1273 4075 esse
1290 3977 1398 4036 vere
1418 3948 1593 4036 realem.
1650 3945 1939 4064 Usurpentur

277 4124 432 4228 etiam,
460 4151 544 4238 per
565 4152 661 4212 noa
676 4121 802 4226 licet,
831 4118 1015 4208 termini
1038 4147 1065 4204 a
1086 4117 1332 4205 Toustinio
1354 4115 1551 4206 inventi:
1584 4109 1788 4240 Signum
1802 4117 1939 4232 prin.

278 4279 438 4408 cipale
463 4303 514 4372 'et
547 4281 751 4407 Sigmcm
776 4279 1043 4391 auxiliare,
1070 4303 1122 4372 ut
1145 4300 1280 4392 notae
1314 4242 1407 4398 ‘iz
1435 4319 1494 4350 -—-=
1528 4275 1703 4370 Virtus
1719 4277 1783 4390 (8)
1813 4277 1940 4398 prior

266 4483 401 4582 pars,
437 4470 572 4542 notae
599 4458 748 4538 autam
775 4443 922 4558 7-0'
957 4492 1016 4520 ει
1057 4445 1202 4537 Totas
1228 4451 1321 4562 (47)
1368 4449 1470 4562 pais
1501 4443 1725 4562 posterior
1755 4445 1937 4566 signnm

278 4618 531 4742 principale
574 4618 653 4726 sit,
692 4613 819 4738 quod
846 4636 1005 4734 antem¹
1023 4613 1210 4736 utrique
1240 4639 1486 4706 commune
1523 4629 1589 4704 est
1640 4575 1698 4735 7
1744 4647 1806 4689 a·
1856 4616 1947 4698 tar.
